1984 3010
113 134 165 186 tet
208 114 210 117 ’
308 181 317 185 -
346 140 497 186 ruamur
518 139 673 186 Hrsrou

112 247 166 304 tur,
181 237 229 310 qui
239 237 350 291 reversis
362 257 377 292 a
390 237 459 292 bello
470 239 583 292 duoilrus
595 239 722 292 rationem
731 255 821 291 rerum
830 246 913 311 gesta·

113 331 174 367 rum
189 313 332 384 exigerent,
348 320 377 365 ut
391 313 441 366 ho'o
455 321 527 367 metu
540 314 573 367 ita
585 314 612 366 in
621 312 690 366 bello
700 313 809 384 imperia
819 314 915 386 eogita-

112 395 180 450 rent,
193 395 221 440 ut
231 386 302 439 domi
313 386 409 440 iudicia
420 387 544 460 legesque
554 388 718 458 respicerent.
748 389 777 440 ln
789 386 914 441 Siciliain

113 460 202 516 locum
213 459 367 514 Hamilcaris
379 461 517 532 imperator
526 462 615 516 lmileo
624 461 753 514 suocedit:
774 462 823 532 qui
830 478 915 532 quum

113 533 202 589 navali
217 535 383 606 terrestrique
398 535 466 589 bello
481 536 595 592 secunda
610 535 707 606 proelia
720 534 830 596 fecisset,
846 535 915 590 mul·

112 617 206 680 easque
226 609 343 663 civitates
362 610 484 682 cepisset,
504 619 608 681 repente
621 609 766 680 pestilentis
780 609 875 662 sideris
889 607 915 662 vi
978 653 979 678 ἶ

111 685 259 739 exercitum
270 685 368 738 amisit.
399 684 471 750 Quae
482 703 523 739 res
534 702 617 756 quum
634 685 753 737 nuntiata
763 683 915 756 Carthagini
978 725 979 762 ,

112 767 190 823 esset,
208 767 306 813 moesta
319 759 410 812 civitas
420 758 482 813 fuit:
504 759 592 812 omnia
606 757 762 822 ululatibus,
778 775 831 811 non
842 775 915 812 senus
978 807 979 824 ,

112 851 146 888 ao
155 834 178 888 si
188 835 252 888 urbs
263 833 319 908 ipsa
329 841 403 904 capta
415 840 490 897 esset,
503 833 689 904 personabant,
711 832 816 886 clausae
828 833 916 903 priva·

115 917 156 962 tae
172 907 277 972 domus,
294 907 383 960 clausa
400 907 508 961 deorum
523 907 634 978 templa3
661 907 810 962 intermissa
828 907 917 961 omnia

112 999 197 1046 sacra,
208 981 297 1035 omnia
308 981 409 1052 privata
419 980 503 1036 officia
514 980 646 1036 damnata.
675 980 768 1037 Cuncti
779 981 876 1036 deinde
885 980 918 1034 ad
978 997 979 1002 ¹

114 1064 220 1128 portum
231 1064 432 1128 congregantur,
439 1055 653 1129 egredientesque
663 1073 759 1126 paucos
770 1057 915 1121 suavibus,

115 1130 163 1202 qui
177 1129 244 1182 cladi
259 1129 455 1199 superfuerant,
472 1129 504 1184 de
517 1131 574 1184 suis
589 1139 783 1202 percontantur.
814 1131 849 1184 Ut
858 1147 918 1186 vero

113 1203 197 1258 dubia
211 1210 286 1256 antea
299 1221 345 1274 spe
358 1212 384 1257 et
397 1222 526 1276 suspenso
540 1214 620 1270 metu,
636 1206 732 1259 incerta
742 1205 860 1259 orbitatis
873 1223 919 1259 ex·
978 1265 979 1272 ,

113 1278 272 1350 spectatione
282 1294 359 1332 casus
369 1296 479 1334 suorum
489 1280 593 1334 miseris
603 1279 694 1344 eluxit,
711 1287 775 1332 tune
784 1287 837 1334 toto
847 1278 919 1333 litore
978 1299 979 1302 ¹

115 1353 298 1426 plangentium
309 1353 433 1426 gemitus
446 1362 509 1408 tunc
520 1353 665 1408 infelicium
675 1361 791 1408 matrum
801 1352 919 1408 ululatus

114 1435 142 1483 et
150 1427 249 1482 flebiles
260 1427 380 1498 querelae
390 1429 573 1483 audiebantur.

173 1502 242 1558 Car.
257 1504 303 1557 lll.
319 1505 389 1556 Inter
398 1503 462 1558 haee
470 1503 586 1574 procedit
597 1501 767 1574 inopsenavi
777 1519 826 1556 sua
836 1501 921 1573 impe·

117 1585 186 1633 rator
205 1577 310 1632 sordida
330 1577 473 1650 servilique
492 1578 589 1641 tunica,
612 1576 768 1644 discinctus,
795 1575 921 1630 adonius

114 1661 286 1724 conspectum
296 1651 479 1724 plangentium
490 1652 596 1724 agmina
607 1652 765 1724 iunguntur.
786 1652 846 1722 lpse
854 1668 923 1722 quo-

116 1745 171 1798 que
182 1745 277 1780 manus
288 1726 322 1779 ad
331 1726 433 1780 coelum
444 1726 553 1780 tendens
565 1743 636 1781 nunc
644 1733 739 1780 sortem
749 1743 837 1790 suam,
849 1741 922 1779 nune

118 1801 252 1870 publioam
264 1799 395 1853 lortunam
406 1800 494 1856 dellet:
517 1817 589 1854 nuno
598 1805 658 1854 deos
667 1808 779 1862 accusat,
791 1804 922 1870 quitantur

118 1877 179 1927 belli
192 1879 286 1927 decoro
301 1882 326 1926 et
339 1883 375 1928 tot
389 1884 541 1929 ornamenta
550 1880 730 1936 victoriarum,
740 1892 807 1942 quoe
816 1879 870 1942 ipsi
878 1879 923 1926 de-

116 1952 219 2010 derant,
231 1949 399 2016 abstulerim,-
419 1953 464 2016 qni
478 1955 561 2018 ceptis
571 1959 607 2003 tot
617 1953 732 2012 urbibus,
744 1953 868 2018 totiesque
878 1951 923 2000 lio·

116 2027 200 2078 stibus
211 2027 328 2077 terrestri
337 2026 476 2092 navalique
484 2027 585 2091 proelio
595 2028 678 2085 vietis,
685 2026 829 2076 exereitum
839 2027 924 2075 nicto-

118 2117 174 2154 rem
184 2116 235 2152 non
246 2101 318 2161 bello,
329 2102 374 2151 secl
380 2107 451 2165 peste
461 2101 607 2152 deleverint.
634 2099 741 2166 Deferre
749 2113 777 2150 se
788 2105 875 2152 tossen
885 2099 925 2149 ei-

118 2177 193 2228 oibua
207 2177 262 2228 suis
275 2189 327 2226 non
340 2176 443 2226 modico
457 2175 560 2234 solatio,
577 2176 646 2240 quod
654 2174 732 2224 molis
741 2173 927 2224 eornmkostes

116 2252 240 2316 paudere,
255 2265 307 2300 non
320 2249 432 2314 ploriari
443 2255 561 2314 possent:
581 2251 674 2314 quippe
687 2261 766 2314 quum
779 2261 862 2312 neque
872 2261 925 2306 eos,

116 2325 166 2386 qui
175 2325 271 2372 mortni
278 2329 346 2383 sont,
357 2339 375 2374 o
384 2339 411 2374 se
421 2326 533 2388 occisos,·
543 2337 623 2388 neque
630 2336 679 2382 eos,
690 2323 926 2386 quiremanserat,

118 2409 173 2444 ose
181 2397 284 2458 [epotos
292 2399 393 2458 possint
402 2400 495 2448 dicere.
525 2395 660 2455 Praedam,
672 2396 928 2460 qunmrelictisose

117 2468 215 2516 eastris
229 2467 390 2528 abstulerint,
406 2485 457 2521 non
472 2485 525 2520 esse
540 2471 625 2528 talem,
642 2484 721 2535 quom
733 2470 802 2522 velut
812 2470 929 2534 spolium

115 2539 182 2587 vieti
192 2539 271 2588 nostis
281 2547 420 2591 ostentent:
436 2545 481 2594 sed
491 2558 569 2610 quoin
576 2544 735 2608 possessione
744 2558 828 2594 nocuo
839 2546 931 2609 [ortu-

116 2610 163 2657 itis
187 2611 350 2662 dominorum
373 2617 498 2668 mortibus
525 2619 604 2670 sicuti
635 2619 736 2670 caduce
758 2619 930 2684 occuparint.
