2016 3028
298 181 370 225 mn.
390 161 530 228 xxxviii.
553 183 695 228 carrio.
848 177 922 230 alt

97 277 273 342 induraverat,
289 280 416 336 aduersus
426 282 534 338 Parthos
544 281 626 336 ducit.
647 281 699 337 Sed
711 277 833 338 luxuriae
845 298 898 337 non

97 353 182 408 minor
196 361 337 425 apparatus
351 373 433 426 quam
448 355 557 412 militiae
569 355 633 411 fuit:
655 356 755 429 quippe
769 355 899 430 octoginta

96 427 179 482 millia
194 436 355 484 armatorum
369 439 456 485 secuta
471 437 659 486 scitamenta
673 431 756 486 millia
770 430 896 496 lixarum,

96 517 128 556 ex
147 503 248 574 quibus
268 519 423 575 eoquorum,
441 506 570 575 pistorum
585 506 802 578 scenicorumque
816 505 906 562 maior.

96 593 224 631 numerus
238 576 296 632 fuit.
330 579 439 652 Argenti
455 588 522 635 certe
534 580 648 653 aurique
657 588 769 645 tantum,
781 588 812 636 ut
820 580 898 638 etiam

95 651 209 725 gregarii
229 650 325 706 milites
344 653 442 727 caligas
461 672 526 710 auro
544 655 654 728 figerent
666 653 899 728 proculcarentque

95 725 241 790 materiam,
252 727 329 782 cuius
343 745 431 782 amore
440 729 532 800 populi
546 729 612 784 lerro
625 729 760 785 dimicant.
789 728 899 784 Culina—

94 817 157 854 rum
172 817 279 872 quoque
293 810 414 875 argentea
429 803 603 860 instrumente
616 804 696 869 fuere,
713 821 822 876 prorsus
832 821 900 874 qna-

94 873 116 928 si
135 873 169 929 ad
178 875 279 946 epulas,
293 893 344 930 non
355 876 389 931 ad
399 877 468 932 bella
477 886 624 963 pergerent.
654 877 812 934 Advenienti
823 877 896 932 Anti-

94 949 162 1004 ocho
180 949 258 1004 multi
274 949 419 1006 Orientales
433 969 507 1025 reges
521 951 655 1008 occurrere
669 953 798 1008 tradentes
812 969 840 1006 se
857 969 899 1006 re-

93 1040 203 1096 gnaque
217 1043 265 1079 sua
279 1042 340 1080 cum
355 1027 517 1082 execratione
528 1026 666 1098 superbiae
675 1027 816 1082 Parthicae.
846 1027 900 1080 Nec

94 1115 168 1154 mora
179 1099 357 1172 congressioni
368 1099 427 1156 luit.
441 1101 586 1155 Antiochus
595 1101 681 1156 tribus
690 1102 796 1174 proeliis
806 1101 898 1166 victor,

94 1189 182 1243 quum
201 1173 373 1247 Babyloniam
395 1183 556 1246 occupasset,
572 1193 686 1250 magnus
700 1177 791 1232 baberi
806 1175 899 1247 coepit.

94 1249 188 1319 ltaque
201 1249 327 1304 omnibus
338 1249 441 1304 adeum
451 1250 557 1322 populis
567 1249 749 1306 deficientibus
759 1250 827 1306 nibil
838 1253 900 1306 Par-

94 1323 150 1376 this
164 1321 260 1394 reliqui
273 1332 373 1395 praeter
388 1325 486 1396 patrios
500 1325 567 1379 lines
583 1325 642 1380 luit.
673 1327 900 1382 Tunchrahetes

93 1396 258 1452 Demetrium
280 1399 308 1452 in
330 1398 435 1472 Syriam
455 1398 490 1454 nd
508 1401 692 1472 occupandum
711 1418 824 1474 regnum
838 1417 900 1455 cum

94 1471 217 1528 Parthico
230 1473 361 1544 praesidio
375 1473 463 1538 mittit,
479 1483 510 1529 ut
522 1493 553 1531 ee
565 1483 639 1547 pacto
653 1475 798 1533 muschus
809 1475 843 1529 ad
852 1491 901 1528 sua

93 1546 194 1602 tuenda
204 1547 328 1602 ePartbia
338 1556 511 1605 revocaretur.
531 1549 649 1614 Interim,
660 1549 787 1622 quoniam
798 1549 902 1602 viribus

95 1639 151 1676 nen
167 1628 273 1693 potarat,
285 1621 390 1678 insidiis
400 1623 560 1680 Antiochum
570 1624 671 1696 ubique
684 1623 808 1678 tentabat.
839 1623 901 1676 Prn-

93 1705 154 1766 pter
174 1695 371 1752 multitudinem
390 1698 531 1756 hominum
553 1699 696 1754 exercitum
715 1715 796 1752 sunm
810 1695 902 1752 Antio-

93 1771 164 1826 chus
178 1787 225 1842 per
239 1771 357 1827 civitates
370 1773 400 1828 in
414 1773 523 1828 hiberna
538 1773 676 1830 diviserat:
698 1790 817 1844 quaeres
827 1771 902 1842 exitii

92 1861 177 1902 causa
186 1843 246 1900 fuit.
270 1848 338 1900 Nam
348 1865 433 1919 quum
444 1847 548 1921 gravari
559 1865 587 1902 se
597 1848 731 1919 copiarum
741 1846 902 1918 praebitione

92 1928 119 1976 et
127 1919 238 1974 iniuriis
253 1920 369 1977 militum
378 1923 495 1978 civitates
507 1922 632 1988 viderent,
644 1923 678 1978 ad
693 1923 801 1978 Parthos
812 1921 902 1976 defici·

92 2001 192 2060 unt;et
200 1994 346 2052 dieststuta
355 2013 447 2052 omnes
460 1998 564 2068 apudse
573 1997 691 2054 divisum
701 1997 844 2052 exereitum
855 2014 902 2068 per

92 2068 220 2134 insidias,
240 2087 275 2126 ne
287 2070 402 2126 inuicem
415 2071 482 2128 ferre
495 2071 595 2128 auxilia
609 2080 724 2143 possent,
741 2071 900 2146 adgrediun-

89 2151 150 2200 tur.
181 2143 359 2217 Quaequnm
379 2146 498 2202 nuntiata
516 2147 645 2202 Antiocho
657 2153 752 2211 essent,
769 2145 899 2200 auxilium
995 2199 996 2202 ,

90 2218 228 2291 proximis
242 2217 344 2276 laturus
357 2237 418 2276 num
432 2239 463 2278 ea
473 2239 565 2286 manu,
575 2239 645 2293 quae
657 2238 747 2276 seeum
757 2220 899 2284 hiemabat,

92 2293 272 2368 progreditur.
302 2295 333 2350 ln
348 2295 440 2368 itinere
455 2295 564 2352 obvium
580 2313 669 2371 regem
683 2295 839 2350 Parthorum
853 2294 901 2348 ha-

91 2368 164 2433 huit,
180 2367 309 2424 adversus
324 2387 403 2440 quem
418 2369 511 2424 lortius
520 2387 603 2442 quam
612 2370 742 2426 exereitus
753 2369 902 2426 eiusdimi-

92 2443 173 2500 cauit.
203 2441 246 2498 sd
258 2449 421 2514 postremum
435 2453 532 2509 tamen,
544 2462 629 2516 quum
639 2444 736 2501 uirtute
744 2445 832 2500 hostes
843 2443 902 2496 vin-

93 2524 194 2582 cerent,
210 2525 282 2573 metu
297 2535 407 2583 snorum
417 2518 535 2574 desertus
544 2516 684 2574 occiditur:
705 2519 749 2573 cui
759 2517 902 2572 Phrahates

92 2593 238 2664 exsequias
258 2593 332 2666 regio
346 2611 418 2648 mere
433 2591 500 2658 lecit,
518 2593 654 2666 filiamque
668 2593 800 2655 Demetrii,
819 2606 901 2662 qnam

92 2683 189 2722 secum
213 2667 362 2742 Antiochus.
382 2667 536 2733 adduxerat,
556 2676 648 2740 captus
668 2682 756 2722 amore
778 2663 901 2736 virginis,
