2022 3010
112 163 146 216 40
348 165 500 213 IUSTINI
516 164 675 212 HISTOR.

113 276 138 322 et
158 268 347 337 Spartanorum
373 283 450 338 agros
471 259 652 328 vastaverunt,
681 270 706 316 et
725 262 822 318 multas
841 263 919 320 Asiae

113 343 230 396 civitates
240 341 442 395 Atheniensium
452 339 563 409 imperio
575 338 735 392 adiecerunt.

169 415 237 470 Car.
258 417 314 480 Vh,
335 415 381 468 His
397 413 474 468 malis
490 413 563 467 lraoti
573 412 780 476 Lacedaemonii,
792 411 822 467 in
835 431 919 468 annos

113 509 159 542 xxx
174 489 443 561 pepigeruntpaoem:
465 488 511 542 sed
522 495 576 541 tam
587 486 698 559 longum
708 487 790 541 otium
803 487 919 542 inimici·

114 564 164 616 tiae
170 581 221 618 non
229 563 356 618 tulerunt.
377 560 672 635 ltaquequintodecimo
684 579 762 626 anno,
775 569 853 632 rupto
866 561 919 615 loe-

114 637 183 702 dere,
200 654 262 692 cum
277 645 410 692 contemtu
425 637 534 691 deorum
548 635 756 706 hominumque,
775 635 840 689 fines
851 636 919 690 Atti-

114 729 158 766 cos
173 712 346 784 populantur:
367 719 392 766 et
406 729 438 766 ne
450 710 573 782 praedam
584 709 680 780 potius,
695 727 775 780 quam
786 727 916 782 pugnam,

115 788 245 857 expetisse
264 788 427 851 viderentur,
453 787 540 840 hostes
560 784 593 839 ad
612 783 742 855 proelium
764 791 917 855 provocant.

116 861 167 915 Sed
179 862 351 916 Athenienses
366 861 475 914 consilio
489 859 595 914 Periclis
605 857 781 930 populationis
792 858 920 913 iniuriam

116 935 240 989 differunt
250 936 277 989 in
289 946 393 1005 tempus
403 934 526 1002 ultionis;
537 951 728 1004 supervacuam
737 933 919 1004 pugnamexi-

116 1009 261 1072 stimantes,
278 1027 365 1080 quum
381 1007 473 1063 ulcisci
487 1009 589 1062 hostem
606 1007 663 1061 sine
672 1006 788 1077 periculo
798 1015 917 1078 possent.

115 1082 214 1137 Deinde
231 1083 371 1136 interiectis
385 1082 488 1147 diebus,
508 1100 589 1137 neves
605 1081 792 1145 conscendunt,
809 1089 835 1134 et
850 1081 918 1135 nihil

116 1156 292 1210 sentientibus
304 1157 525 1222 Lacedaemoniis,
539 1163 619 1212 totam
630 1156 750 1227 Spartam
757 1155 921 1226 depraedan-

116 1239 168 1294 tur,
187 1230 323 1302 multoque
335 1231 411 1302 plura
421 1231 551 1295 auferunt,
564 1248 646 1302 quarn
656 1231 811 1286 amiserant:
845 1247 920 1301 pror·

116 1323 163 1358 sus
173 1312 211 1369 ut,
228 1305 256 1358 in
271 1307 462 1376 comparatione
475 1306 642 1369 damnorum,
660 1303 736 1379 longe
745 1303 830 1375 pluris
841 1305 921 1359 luerit

116 1379 191 1444 ultio,
208 1397 290 1450 quam
306 1380 413 1434 iniuria.
443 1380 517 1436 Clara
529 1379 638 1452 quidem
648 1379 712 1433 haec
720 1379 828 1433 Periclis
839 1397 920 1451 expe-

117 1453 182 1508 ditio
194 1454 297 1509 habita:
318 1455 365 1510 sed
378 1453 461 1510 multo
475 1453 569 1508 clarior
581 1453 677 1524 privati
693 1453 844 1525 patrimonii
857 1471 920 1509 con·

117 1536 214 1583 temtus
233 1528 293 1584 luit.
322 1531 408 1584 Huius
427 1546 512 1602 agros,
534 1529 562 1582 in
582 1527 749 1599 populatione
763 1536 918 1594 ceterorum,

117 1604 227 1659 intactos
243 1604 330 1658 hostes
345 1605 513 1677 reliquerant,
530 1610 673 1674 sperantes,
690 1603 825 1675 acquirere
839 1621 869 1658 se
879 1603 921 1658 illi

117 1694 195 1747 posse
208 1686 253 1731 aut
267 1679 415 1748 perieulum
430 1697 463 1732 ex
480 1678 590 1742 invidia,
603 1684 648 1732 aut
657 1694 690 1732 ex
700 1677 851 1748 suspicione
859 1695 921 1749 pro-

117 1750 225 1804 ditionis
244 1750 391 1805 infamiam.
422 1752 497 1818 Quod
513 1759 573 1806 ante
585 1751 748 1822 prospiciens
762 1751 875 1806 Pericles
896 1759 921 1807 et

116 1822 237 1877 futurum
257 1825 354 1894 populo
373 1825 550 1897 praedixerat,
571 1832 596 1879 et
611 1825 644 1879 ad
660 1826 775 1881 invidiae
789 1826 920 1898 impetum

117 1895 314 1962 declinandum,
330 1916 407 1970 egros
421 1900 492 1970 ipsos
502 1898 571 1953 dono
580 1899 739 1969 reipublicae
747 1900 867 1956 dederat:
880 1909 921 1956 at-

117 1989 170 2044 que
179 1971 223 2036 ita,
236 1972 308 2027 unde
316 1971 463 2043 periculum
472 1973 622 2044 quaesitum
632 1973 724 2039 fueret,
730 1975 767 2028 ibi
773 1975 920 2031 maximam

116 2044 228 2120 gloriam
247 2046 359 2102 invenit.
392 2049 454 2102 Post
474 2048 539 2102 haec
555 2048 696 2102 interiectis
710 2049 814 2115 diebus,
830 2050 921 2105 navali

117 2120 215 2192 proelio
234 2121 386 2177 dimicatum
409 2129 460 2177 est:
481 2122 543 2177 victi
562 2123 759 2178 Lacedaemonii
783 2124 920 2197 fugerunt.

116 2197 171 2249 Nee
180 2205 309 2252 cessatum
320 2198 441 2268 deinceps
450 2204 497 2262 est,
511 2197 578 2270 quin
589 2205 634 2252 aut
643 2205 710 2252 terra
720 2206 765 2252 aut
774 2199 842 2253 mari
850 2200 922 2254 varia

115 2269 276 2338 proeliorum
298 2272 402 2327 fortuna
425 2272 539 2328 invicem
557 2289 586 2326 se
602 2272 768 2326 trucidarent.
802 2274 924 2345 Denique

116 2341 179 2395 lessi
200 2351 236 2396 tot
256 2345 347 2409 malis,
368 2363 459 2416 paoem
475 2347 502 2400 in
518 2363 601 2401 annos
615 2347 810 2418 quinquaginta
826 2346 921 2414 iecere,

116 2431 199 2482 quam
214 2433 266 2468 non
281 2417 333 2470 nisi
347 2419 484 2473 sexennis
499 2427 677 2474 servaverunt.
706 2422 774 2474 Nam
787 2421 921 2489 inducias,

116 2501 184 2553 quas
196 2488 303 2557 proprio
313 2491 419 2544 nomine
429 2493 608 2557 condixerant,
621 2511 655 2547 ex
667 2494 797 2549 sociorum
808 2513 924 2566 persona

115 2561 288 2637 rumpebant:
310 2564 409 2633 quippe
419 2566 497 2634 quasi
508 2566 598 2620 minus
609 2566 717 2638 periurii
728 2569 922 2636 contraherent,

112 2641 139 2677 ει
153 2627 263 2686 serentes
276 2635 354 2688 sociis
368 2637 467 2692 auxilia
482 2640 578 2709 potius,
595 2657 677 2710 quam
690 2641 713 2695 si
725 2652 812 2714 aperto
821 2644 925 2716 proelio
