1984 3010
324 185 395 229 LIB.
415 185 509 232 xvffl.
531 185 612 231 CAP.
634 187 660 231 4.
848 181 896 232 ldl

90 283 163 340 solus
176 283 318 340 occidentis
333 285 466 358 regionem
480 286 641 340 intuebatur,
669 285 698 338 Id
709 285 826 356 primum
837 284 896 340 aliis

89 359 175 416 videri
189 358 271 424 luror,
284 359 312 412 in
322 359 455 414 occidente
464 361 526 413 solis
536 368 623 414 ortum
633 377 766 431 quaerere.
790 361 839 414 Ubi
852 377 897 414 ve·

89 435 191 489 redies
205 433 345 488 adventare
359 435 443 504 coepit
455 435 662 506 editissimisque
676 434 840 489 culminibus
850 454 897 490 ur-

89 509 133 563 bis
147 508 235 563 oriens
250 507 396 578 splendere,
412 510 624 580 exspectantibus
635 509 702 574 aliie,
715 518 744 564 ut
754 511 844 580 ipsum
854 527 890 564 so

90 583 143 637 lem
159 583 330 653 adspicerent,
352 584 396 637 hic
405 584 508 654 primus
518 585 644 638 omnibus
654 583 782 656 fulgorem
793 585 856 638 solis
867 585 896 640 in

88 675 197 713 summo
211 656 315 730 fastigio
329 658 442 712 civitatis
457 659 579 713 ostendit.
611 661 669 712 Non
680 659 783 712 servilis
794 659 895 732 ingenii

87 733 156 788 ratio
166 732 237 800 visa;
253 733 502 804 requirentibusque
512 741 642 787 auctorem
653 732 685 784 de
696 732 804 786 domino
813 733 894 786 conli-

87 816 168 862 tetur.
199 807 274 861 Tunc
287 807 447 860 intellectum
461 815 508 870 est,
525 815 656 878 quantum
667 807 781 879 ingenua
792 807 896 860 servili-

87 883 141 938 bus
156 882 263 954 ingenia
273 889 440 952 praestarent,
453 882 607 952 malitiaque
617 899 714 946 servos,
727 899 780 935 non
791 882 896 951 sapien-

86 957 123 1012 tia
137 957 253 1012 vincere.
282 957 367 1030 igitur
381 957 458 1011 venia
472 956 527 1010 seni
539 956 646 1028 filioque
659 955 718 1010 data
732 963 784 1010 est:
806 964 830 1010 et
842 955 896 1011 vel-

86 1039 118 1087 ut
133 1031 246 1086 numine
261 1031 378 1102 quodam
389 1039 532 1086 reservatos
542 1031 697 1085 arbitrantes
703 1049 791 1104 regem
798 1030 895 1086 Strato-

86 1125 150 1162 nem
165 1117 327 1161 creaverunt.
356 1108 417 1160 Post
429 1107 506 1160 cuius
516 1115 626 1160 mortem
637 1124 750 1179 regnum
761 1107 794 1160 ad
809 1106 895 1160 lilium
951 1115 953 1123 ’

85 1199 117 1237 ac
130 1180 228 1236 deinde
238 1181 269 1234 ad
282 1188 386 1252 nepotes
397 1181 509 1234 transiit.
531 1181 638 1236 Celebre
646 1181 695 1235 hoc
708 1181 868 1237 servoruml
881 1211 895 1223 -

85 1257 164 1312 cinus
176 1255 402 1328 metuendumque
412 1257 564 1327 exemplum
574 1263 625 1310 toto
635 1256 893 1311 orbeterrarumluit.

83 1334 179 1403 ltaque
195 1329 344 1384 Alexander
359 1333 481 1404 Magnus,
500 1349 584 1402 quum
596 1332 728 1390 interiecto
739 1341 853 1402 tempore
867 1331 893 1386 in

83 1405 194 1461 Oriente
209 1405 308 1460 bellum
322 1415 430 1478 gereret,
443 1406 515 1460 velut
525 1404 594 1460 ultor
607 1406 727 1477 publicae
735 1406 891 1469 securitatis,

82 1487 238 1554 expugnata
252 1499 341 1535 eorum
353 1481 419 1535 urbe
431 1497 532 1544 omnes,
544 1480 891 1552 quiproeliosuperfuerant,

82 1557 118 1612 ob
136 1556 294 1609 memoriam
313 1557 407 1617 ueteris
424 1555 510 1610 caedis
533 1556 657 1610 crucibus
676 1555 781 1608 adfixit:
807 1571 893 1626 genus

81 1639 192 1686 tantum
207 1629 333 1685 Stratonis
349 1629 505 1685 inviolatum
516 1630 631 1684 servavit
641 1645 807 1700 regnumque
817 1628 894 1700 stirpi

80 1708 141 1762 eius
156 1705 279 1769 restituit,
295 1705 421 1778 ingenuis
437 1712 461 1759 et
479 1706 596 1759 innoxiis
607 1705 698 1758 incolis
709 1703 811 1758 insulae
821 1705 893 1758 attri-

79 1781 167 1844 butis,
184 1785 215 1833 ut
226 1780 368 1851 exstirpato
375 1779 465 1835 servili
475 1781 594 1853 germine
603 1797 688 1853 genus
698 1780 774 1834 urbis
783 1797 817 1835 ex
826 1779 894 1835 inte-

79 1874 130 1931 gro
140 1854 304 1909 conderetur.
844 1882 846 1887 ·

138 1929 211 1985 Cir.
233 1929 277 1984 1v.
297 1931 351 1986 Hoc
366 1929 447 2002 igitur
462 1929 540 1984 modo
554 1930 627 2002 Tyrii
643 1930 786 1986 Alexandri
802 1933 893 2003 auspi-

78 2007 129 2061 ciis
141 2003 241 2058 conditi
250 2005 411 2075 parcimonia
422 2013 446 2059 et
460 2004 547 2059 labore
555 2005 698 2076 quaerendi
706 2007 756 2060 cito
766 2007 893 2061 convalu-

77 2099 132 2136 ere.
164 2078 233 2134 Ante
247 2079 347 2133 cladem
362 2079 530 2134 dominorum
546 2098 630 2150 quum
645 2089 670 2134 et
680 2081 776 2152 opibus
787 2089 811 2134 et
821 2082 893 2136 mul-

76 2154 198 2210 titudine
208 2153 466 2219 abundarent‚missa
477 2155 505 2208 in
518 2154 632 2210 Africam
644 2156 780 2210 iuventute
791 2157 891 2212 Uticam

77 2229 238 2285 condidere:
264 2247 350 2300 quum
365 2229 468 2283 interim
483 2247 530 2284 rex
543 2230 614 2303 Tyro
631 2230 739 2295 decedit,
754 2230 809 2284 lilio
820 2233 891 2306 Pyg-

76 2305 200 2360 malione
213 2311 238 2358 et
251 2303 337 2358 Elissa
353 2303 415 2368 filia,
435 2304 548 2378 insignis
559 2304 774 2380 formaevirgine,
787 2307 893 2362 heredi-

75 2381 133 2435 bus
150 2378 288 2432 institutis.
318 2378 369 2433 Sed
377 2378 493 2450 populus
504 2379 670 2452 Pygmalioni
684 2381 828 2436 admodum
840 2401 891 2454 pu-

76 2473 124 2510 ero
140 2471 255 2526 regnum
269 2453 382 2508 tradidit.
411 2452 497 2508 Elissa
512 2471 619 2526 quoque
634 2455 748 2510 Acerbae
758 2457 891 2511 avunculo

75 2547 141 2591 suo,
157 2526 284 2583 sacerdoti
294 2528 423 2592 Herculis,
438 2528 486 2599 qui
497 2529 581 2582 honos
591 2530 724 2584 secundus
737 2538 886 2600 aregeeret,

74 2603 171 2660 nubit.
203 2603 270 2656 Huic
284 2621 403 2676 magnae,
415 2603 461 2656 sed
472 2603 653 2658 dissimulatae
662 2621 724 2673 opes
733 2609 819 2666 erant;
841 2616 889 2654 eu-

72 2695 200 2751 rumque
217 2689 289 2733 metu
309 2679 380 2752 regis
399 2695 452 2733 non
474 2679 557 2743 tectis,
574 2678 620 2732 sed
635 2685 716 2730 terrae
730 2672 885 2751 crediderat:

662 2766 721 2817 Ka
