2044 3028
331 207 401 252 um.
415 181 489 254 xm.
519 193 604 254 chr)
619 211 642 256 s.
833 203 885 256 257

83 324 146 362 suos
156 306 261 362 Arsacis
271 308 378 362 uominc
387 316 549 379 nuncupent.
570 308 656 364 Huius
667 308 737 362 filius
747 315 772 362 et
781 325 884 362 sumes-

83 399 127 436 sor
137 382 222 454 regni,
234 381 343 437 Arsaces
352 390 377 437 et
386 383 443 454 ipse
453 384 566 448 nomine,
575 384 701 439 adversus
711 383 882 448 Antiochum,

84 457 186 511 Seleuci
200 455 296 522 filium,
308 466 413 512 centum
423 458 543 530 millibus
555 459 674 531 peditum
684 466 710 512 et
719 458 813 531 viginti
823 457 886 514 mila

85 531 156 586 libus
174 531 295 603 equitum
313 533 470 588 instructum
490 534 557 588 mira
573 533 668 588 virtute
681 533 825 606 pugnavit:
851 532 884 588 ad

83 614 248 678 postremum
266 608 293 661 iu
313 607 459 662 societatem
478 608 536 662 eius
551 607 689 662 adsumtus
703 616 749 662 est.
781 608 884 663 Tertius

84 681 189 736 Parthis
202 699 249 736 rex
261 681 407 754 Priapatius
420 682 479 748 luit,
494 683 541 737 sed
554 691 579 738 et
592 682 648 757 ipse
660 681 769 738 Arsaces
781 681 882 737 dictus:

84 774 158 821 uam,
174 755 242 811 sicut
250 774 331 828 supra
347 755 446 813 dictum
460 765 506 822 est,
518 775 609 813 omues
618 774 692 831 reges
705 775 767 813 suos
776 757 827 812 hoc
837 775 885 811 uo-

84 832 167 896 miue,
184 831 262 886 sicuti
275 833 386 887 Romani
400 832 521 888 Caesares
537 833 733 905 Augustusque,
751 832 885 906 cognomi·

85 924 189 961 nevere.
215 898 265 961 ,His
285 908 348 962 actis
362 908 390 962 iu
406 924 487 980 reguo
499 907 653 979 quindecim
672 908 750 963 anuis
763 907 881 972 decessit,

84 981 183 1036 relictis
199 981 304 1036 duobus
318 981 389 1047 liliis,
406 982 554 1038 Mithridate
568 990 593 1037 et
604 983 745 1037 Phrahate:
770 999 885 1054 quorum

85 1057 171 1112 maior
179 1056 329 1120 Phrahates,
339 1073 412 1112 more
420 1057 507 1131 gentis
516 1057 591 1112 heres
600 1058 684 1131 regui,
696 1057 807 1122 Mardos,
818 1056 886 1112 vali·

85 1131 148 1186 dam
166 1140 279 1204 gentem,
300 1131 369 1187 hello
387 1131 502 1201 domuit;
533 1149 581 1187 nec
598 1132 682 1187 multo
700 1140 758 1204 post
776 1131 886 1187 decessit

86 1205 178 1261 multis
189 1205 251 1261 liliis
261 1205 370 1262 relictis:
381 1207 481 1279 quibus
492 1207 635 1279 praeteritis
641 1207 713 1261 fratri
717 1207 885 1279 potissimum

84 1280 239 1347 Mithridati,
261 1281 375 1354 insignis
394 1282 498 1337 virtutis
517 1283 583 1348 viro,
608 1282 714 1354 reliquit
732 1283 883 1354 imperium,

85 1357 148 1428 plus
163 1357 234 1429 regio
247 1375 328 1428 quam
342 1357 426 1428 patrio
440 1356 528 1412 deberi
541 1357 733 1424 neminimus,
745 1358 886 1430 potiusque

85 1432 185 1504 patriae
194 1449 276 1504 quam
287 1431 376 1487 liberis
386 1431 586 1487 consulendum.

142 1505 210 1562 Car.
230 1507 273 1563 Vl.
293 1505 392 1562 Eodem
406 1506 488 1562 ferme
500 1513 624 1578 tempore,
645 1506 722 1560 sicuti
740 1506 768 1560 iu
783 1505 885 1560 Parthis

85 1581 259 1647 Mithridates,
281 1582 316 1637 ite
334 1582 363 1637 iu
380 1582 478 1637 Bactris
490 1581 651 1646 EucratideS‚
667 1579 759 1654 magui
776 1587 887 1653 uterque

87 1656 148 1720 viri,
165 1673 246 1729 regna
261 1657 364 1712 ineunt.
392 1657 444 1712 Sed
457 1657 612 1712 Parthorum
625 1655 728 1710 fortuna
742 1653 841 1709 felicior
853 1655 886 1709 ad

86 1748 225 1786 summum
236 1731 286 1786 hoc
294 1731 361 1786 duce
369 1731 473 1804 imperii
484 1731 618 1806 fastigium
628 1749 671 1786 eos
681 1729 812 1802 perduxit.
837 1730 888 1784 Ba·

85 1805 180 1861 ctriani
189 1815 275 1860 autem
285 1808 409 1878 pervarie
419 1807 486 1862 bella
496 1806 582 1862 iactati
590 1824 643 1860 non
653 1822 765 1878 regnum
774 1811 885 1868 tautum,

86 1881 275 1935 verumetiam
292 1881 436 1936 libertatem
453 1881 609 1936 amiserunt:
631 1879 763 1953 siquidem
777 1879 887 1954 Sogdia·

86 1973 183 2011 uorum
196 1963 222 2009 et
233 1954 421 2012 Arachotarum
434 1965 460 2011 et
467 1957 632 2030 Drangarum
642 1963 667 2011 et
674 1954 797 2010 Ariorum
809 1955 887 2010 ludo-

85 2047 203 2102 rumque
214 2029 291 2085 hellis
301 2031 402 2105 fatigati
412 2031 446 2086 ad
460 2039 621 2102 postremum
637 2030 670 2085 ab
684 2029 886 2086 invalidioribus

85 2104 275 2169 Parthis,velut
282 2123 438 2180 exsangues,
445 2105 562 2178 oppressi
569 2113 641 2160 suut.
651 2105 733 2160 Multa
739 2105 887 2160 tamenEu-

1 2219 2 2244 i
85 2179 199 2236 cratides
221 2179 289 2235 bella
314 2199 411 2257 magna
434 2181 530 2235 virtute
550 2181 644 2254 gessit:
665 2179 764 2252 quihus
784 2178 886 2234 attritus

1 2249 2 2294 l
86 2273 173 2328 quum
187 2251 352 2311 obsidionem
366 2255 497 2321 Demetrii,
513 2255 582 2329 regis
594 2255 730 2321 Indorum,
746 2261 884 2326 pateretur,

1 2347 2 2392 l
86 2347 148 2384 cum
162 2330 284 2385 trecentis
295 2330 425 2386 militibus
439 2331 575 2404 sexaginta
589 2329 671 2384 millia
686 2329 801 2384 hostium
817 2327 888 2384 adsi-

1 2439 2 2448 κ
87 2405 148 2460 duis
158 2405 341 2476 eruptionibus
351 2406 423 2461 vicit.
452 2404 551 2472 Quinto
560 2406 648 2478 itaque
664 2421 753 2460 mense
762 2403 889 2458 liberatus

1 2481 2 2530 ζ
88 2479 230 2536 Indiamiu
243 2488 394 2551 potestatem
405 2479 513 2554 redegit.
540 2480 614 2536 Unde
622 2497 707 2552 quum
716 2497 745 2535 se
754 2479 884 2549 reciperet,

1 2559 2 2606 l
88 2554 268 2627 afilic‚quem
278 2556 379 2611 socium
390 2553 884 2630 reguileoerat‚iuitinereiuterficiturz

1 2663 2 2668 κ
87 2630 136 2701 qui
146 2629 525 2704 uoudissimulatoparricidio‚
532 2629 604 2686 velut
612 2630 722 2694 hostem,
729 2645 781 2683 non
787 2634 887 2698 patrem

1 2727 2 2734 ¹
88 2703 266 2780 interfecisset,
278 2713 303 2760 et
314 2723 361 2779 per
375 2705 532 2782 sauguinem
546 2705 603 2762 eius
618 2721 726 2760 currum
735 2701 789 2777 egit
797 2708 822 2756 et
831 2717 890 2755 cor-
925 2781 926 2784 Ἴ

126 2797 244 2852 lusurus.
701 2795 723 2848 R
