1998 3006
141 167 190 220 tlt
373 171 525 220 IUSTINI
543 169 701 217 Hrsuott.

139 271 299 334 subveniret,
321 271 349 325 iu
365 279 511 343 utrumque
524 287 624 343 pronus
642 269 820 325 consultabat:
847 271 940 342 quippe

138 345 299 401 instantibus
310 345 374 400 hinc
386 346 659 419 Carthaginiensibus
671 345 734 400 inde
752 345 889 410 Romanis,
899 365 941 418 pe·
990 377 991 380 =

137 419 284 478 riculosum
298 420 438 476 videbatur
447 421 592 476 exercitum
603 421 631 475 iu
641 417 743 475 ltaliam
754 436 807 473 non
818 421 939 488 traiicere,
990 455 991 490 2

137 493 312 567 periculosius
327 495 444 554 aSicilia
459 496 601 550 deducere:
623 513 657 550 ne
667 504 712 551 aut
722 493 760 549 illi
771 511 825 552 non
838 495 887 549 lata
897 514 942 568 cpe
990 517 991 550 3

137 578 184 624 aut
201 569 230 624 hi
243 566 338 624 deserti
354 571 543 632 amitterentur.
574 573 603 626 lu
619 571 669 627 hoc
683 579 756 624 aestu
767 569 943 640 periculorum
990 611 991 616 κ

138 644 289 700 tutissimus
298 646 645 717 portusconsilicrumvisus
658 653 698 700 est
707 645 834 701 omnibus
844 647 943 700 viribus
990 655 991 712 ᾖ

129 719 278 776 'decernere
300 723 328 776 iu
347 721 448 790 Sicilia,
475 729 501 776 et
522 719 666 794 profligatis
681 719 944 792 Carthaginiensibus
990 721 991 766 i

141 795 266 851 victorem
274 797 419 850 exercitum
431 805 600 868 transponere
610 795 638 850 in
649 795 761 852 ltaliam.
784 796 876 868 ltaque
886 814 945 852 con·
990 791 991 806 ¹

138 879 208 926 serto
224 871 322 942 proelio
334 889 420 943 quum
435 871 554 942 superior
568 869 669 935 luisset,
687 869 815 942 quoniam
831 879 945 926 tamena
990 899 991 904 =

138 945 228 1000 Sicilia
243 947 334 1010 abiret,
355 964 403 1016 pro
417 946 487 1002 victo
502 945 592 1018 lugere
605 945 680 1000 visus
697 953 750 1000 est:
772 961 802 998 ac
811 958 947 1016 propterea
990 945 991 948 ’

138 1021 203 1074 socii
224 1021 257 1074 ah
276 1038 306 1077 eo
323 1020 486 1088 defecerunt;
508 1027 533 1074 et
547 1020 689 1091 imperium
707 1017 812 1073 Siciliae
826 1029 880 1074 tarn
898 1022 946 1075 cito
990 1069 991 1072 ,

137 1095 235 1156 amisit,
252 1112 334 1164 qnam
353 1094 427 1149 facile
435 1095 591 1167 quaesierat.
612 1095 664 1150 Sed
675 1095 757 1150 necin
771 1093 948 1150 Italiamelio-
990 1091 991 1096 ’

137 1185 166 1222 re
184 1167 305 1222 felicitate
325 1184 390 1224 usus
412 1171 440 1224 in
459 1170 572 1241 Epirum
589 1170 735 1244 revertitur.
773 1167 948 1226 Admirabilis

138 1243 279 1314 utriusque
296 1243 333 1297 rei
351 1261 428 1298 casus
446 1245 473 1299 in
485 1244 637 1315 exemplum
649 1244 705 1300 fuit.
738 1245 805 1298 Nam
818 1245 890 1300 sicut
902 1265 950 1300 an-

136 1327 163 1372 te
180 1318 295 1372 secunda
314 1318 418 1374 fortuna
433 1321 512 1376 rebus
526 1337 606 1390 supra
622 1328 681 1374 vota
696 1317 840 1374 fluentibus
860 1321 950 1376 ltaliae
990 1359 991 1368 η

136 1392 295 1466 Siciliaeque
304 1394 448 1466 imperium
457 1403 482 1452 et
492 1403 528 1450 tot
537 1395 570 1449 de
583 1395 951 1450 Romanisvictcriasadstru-
990 1419 991 1460 ,

140 1477 226 1524 xerat:
249 1470 283 1524 ita
300 1488 373 1527 nunc
382 1471 501 1536 adversa,
513 1470 588 1525 velut
597 1470 623 1525 in
634 1470 832 1525 ostentationem
845 1469 952 1544 tragili—
990 1463 991 1540 l

137 1547 198 1600 tatis
214 1545 355 1612 humanae,
372 1545 509 1600 destruens
524 1562 593 1617 quae
607 1545 796 1610 cumulaverat,
814 1545 952 1601 Siciliensi
990 1547 991 1598 l

137 1622 232 1675 ruinae
248 1620 418 1694 naufragium
437 1621 518 1676 maris
528 1629 553 1674 ct
563 1620 665 1676 foedam
676 1621 803 1675 adversus
815 1621 953 1677 Romanos

133 1713 259 1768 pugnam
272 1705 430 1768 turpemque
438 1697 472 1752 ab
482 1695 554 1750 ltalia
566 1695 716 1750 discessum.
725 1695 827 1750 adiecit.

193 1769 262 1824 Car.
284 1772 328 1826 IV.
351 1773 411 1824 Post
423 1770 607 1842 prosectionem
618 1791 632 1826 a
643 1769 730 1826 Sicilia
742 1769 849 1844 Pyrrhi,
865 1774 956 1848 magi·

137 1851 235 1897 stratus
254 1845 331 1899 Hiero
349 1855 463 1914 creatur,
485 1846 563 1912 cuius
583 1854 652 1902 tanta
674 1845 818 1900 moderatio
836 1846 906 1912 luit,
926 1855 957 1901 ut

136 1919 314 1974 consentiente
334 1921 457 1976 omnium
474 1921 612 1976 civitatum
631 1921 718 1976 lavore
740 1920 797 1974 dux
818 1921 956 1977 adversus

136 1993 368 2068 Carthaginienses
387 1997 516 2067 primum,
538 2014 601 2050 mox
621 2014 667 2052 rex
689 2003 829 2050 crearetur.
863 1999 958 2053 Huius

84 2099 87 2109 λ
130 2068 241 2126 -futurae
256 2070 399 2127 maiestatis
411 2071 468 2143 ipsa
478 2069 585 2126 infantis
596 2070 714 2126 educatio
725 2069 802 2142 quasi
813 2089 960 2141 praenun-

138 2146 174 2201 tia
189 2146 250 2201 luit:
272 2147 372 2219 quippe
381 2147 551 2220 genituserat
560 2155 633 2218 patre
643 2146 768 2208 hierocle,
779 2146 867 2201 nobili
885 2148 957 2212 viro,

136 2223 214 2276 cuius
229 2222 330 2296 origca
349 2221 455 2286 Geloue,
473 2221 583 2292 antiquo
595 2222 699 2276 Siciliae
714 2220 836 2295 tyranno,
858 2241 960 2277 mana·
990 2279 991 2292 ,

137 2295 195 2349 hat:
217 2296 263 2350 sed
277 2307 424 2354 maternum
436 2296 476 2351 illi
488 2315 574 2370 genus
583 2297 721 2352 sordidum
731 2303 811 2368 atque
821 2296 894 2352 adeo
906 2316 959 2369 pu-
990 2293 991 2298 ’

113 2407 115 2409 -
136 2368 289 2424 dibundum
305 2372 364 2426 luit.
395 2375 463 2426 Nam
478 2389 512 2426 ex
530 2372 625 2428 ancilla
642 2381 719 2427 natus
734 2388 765 2425 ac
779 2380 959 2442 proptereaa
990 2419 991 2438 ,

136 2449 218 2508 patre,
236 2443 309 2498 velut
322 2445 584 2502 dehonestamentum
601 2449 715 2521 generis,
732 2446 876 2520 expositus
887 2455 956 2504 erat.
990 2447 991 2512 l

135 2512 187 2594 Sed
201 2516 344 2596 parvulum
359 2527 385 2572 et
398 2521 530 2574 humanae
546 2522 605 2591 opis
620 2528 739 2595 egentem
749 2539 811 2592 apes
822 2531 960 2597 congesto
990 2529 991 2542 ¹

134 2600 202 2637 circa
217 2597 343 2644 tacentem
359 2592 436 2646 neella
451 2593 543 2648 multis
558 2596 653 2650 diebus
668 2595 765 2652 aluere.
801 2596 846 2652 Ob
868 2613 958 2671 quarn

133 2669 190 2706 rem
199 2674 325 2726 responso
335 2662 508 2735 haruspicum
517 2667 668 2726 admonitus
677 2679 759 2744 pater,
772 2671 963 2748 quiregnum
990 2687 991 2702 ¹
