2044 3028
143 179 191 230 ⁴98
375 182 525 228 IUSTINl
542 181 699 229 HISTOR.

140 299 246 338 summa
256 281 380 335 dentibus
390 281 508 337 laceratis
517 283 671 347 visceribus,
684 280 839 336 duodecima
849 281 893 337 die
901 283 938 337 in·
995 319 996 348 p

140 357 218 412 tariit.
248 355 295 409 llis
304 355 331 409 in
344 356 424 427 Epiro
433 360 523 429 gestia,
536 358 641 411 interim
652 358 680 412 in
690 355 840 411 Macedonia
850 357 939 412 Deme-

140 431 206 485 trius
217 447 263 484 rex
274 429 363 485 relicto
373 431 427 485 filio
437 432 566 502 Philippo,
579 431 690 503 parvulo
702 429 855 496 admodum,
868 431 939 486 dma-
995 433 996 484 l

140 505 192 560 dit:
213 505 257 560 cui
267 504 416 578 Antigonus
427 513 495 560 tutor
505 506 581 561 datus
591 513 691 577 accepta
703 506 731 560 in
742 505 938 561 matrimonium
995 517 996 572 j

140 586 223 634 matre
235 579 340 651 pupilli,
355 597 443 654 regem
454 599 482 636 se
496 581 618 636 constitui
634 580 777 636 laborabat.
807 581 940 636 Interiecto
995 595 996 630 1

140 653 235 710 deinde
254 662 378 726 tempore,
400 673 486 726 quarm
505 655 631 710 seditione
649 656 746 710 minaci
767 655 939 712 Maoedonnm
995 651 996 716 ]

140 729 247 786 clausus
260 731 287 784 in
298 731 369 802 regia
379 737 515 795 teneretur,
529 729 555 784 iu
566 730 704 801 publicum
715 732 772 785 sine
783 730 939 786 satellitibus
995 753 996 792 3

139 804 269 878 procedit;
289 805 455 876 proiectoque
467 805 494 858 in
505 804 603 877 vulgus
618 805 763 860 diademate
772 821 803 858 ac
813 823 937 877 purpura,
995 857 996 864 ,

140 879 938 950 darenaeceosalcerr,iuhec,purantimperat-calluerunt,
995 941 996 950 ἵ

140 965 187 1010 aut
197 959 240 1010 cut
246 971 342 1022 parcre
351 959 402 1022 ipsi
410 958 507 1008 sciant:
527 972 554 1008 se
564 959 647 1010 adhuc
657 959 813 1010 invidiosum
822 958 891 1009 illud
899 973 941 1009 rc-

139 1046 218 1098 pnum
228 1046 279 1082 nore
289 1031 471 1096 voluptatibus,
478 1033 522 1083 scd
533 1031 664 1083 laboribus
672 1032 829 1096 etpcricrrlis
837 1035 940 1084 sentire.

141 1103 333 1158 Commemorat
343 1102 437 1156 deinde
446 1103 571 1156 beneficia
581 1121 643 1156 sua:
660 1112 690 1156 ut
698 1107 864 1173 defectionem
874 1107 941 1158 soci-
995 1135 996 1154 2

140 1180 404 1242 orumairrdiccverit;
424 1187 453 1230 ut
463 1179 601 1232 Dardanos
613 1179 794 1246 Thessalosque
804 1182 942 1232 exsultan-
995 1203 996 1222 ι

140 1261 177 1304 tes
186 1259 267 1304 morte
277 1251 401 1304 Demetrii
410 1257 479 1320 repis
490 1256 685 1319 compescuerim
699 1261 727 1306 ut
736 1255 845 1320 denique
855 1257 942 1320 dipsi-

141 1333 220 1380 tatcm
238 1325 409 1380 Macedonum
424 1343 476 1380 non
494 1329 576 1380 solum
595 1331 743 1396 defenderit,
757 1343 847 1380 oerum
865 1331 942 1380 etium

140 1405 255 1454 acerra.
288 1399 653 1468 marmaritanorum,
670 1405 795 1468 deponere
805 1405 942 1468 imperium
995 1443 996 1448 ,

141 1485 164 1528 ct
178 1479 285 1530 reddere
298 1478 353 1529 illis
366 1489 459 1530 mutus
474 1493 563 1529 suum:
583 1480 636 1543 ipsi
648 1493 732 1544 repent
745 1483 888 1544 quomam,
902 1479 943 1529 cui
995 1513 996 1518 =

140 1556 272 1618 imperem.
303 1548 391 1615 Quum
409 1549 520 1622 populns
534 1549 634 1620 pudore
646 1557 733 1604 motus
752 1547 866 1620 recipere
879 1566 942 1603 eum
995 1553 996 1572 l

140 1643 254 1697 regnum
273 1624 382 1689 iuberet,
404 1635 457 1678 tam
476 1624 524 1678 diu
542 1623 681 1688 recusavit,
702 1623 789 1696 quoad
805 1623 942 1678 seditionis

140 1708 258 1754 auctores
270 1699 401 1769 supplicio
410 1699 581 1754 traderentur.

195 1773 264 1828 Car.
286 1773 330 1827 lV.
352 1775 412 1827 Post
428 1774 492 1828 haec
510 1772 610 1828 bellurn
628 1771 762 1844 Spartanis
781 1771 873 1828 infert:
896 1772 943 1844 qui

141 1845 190 1902 soli
206 1847 320 1917 Philippi
334 1847 531 1919 alexandrique
545 1847 620 1903 bellis
636 1847 811 1918 etimperium
821 1847 943 1901 Maoedo-
995 1889 996 1912 2

140 1939 206 1976 num
220 1929 245 1974 et
263 1921 388 1975 omnibus
402 1923 541 1977 metuenda
555 1939 627 1976 arma
642 1927 840 1976 oontemserant.
872 1924 944 1976 lntsr
995 1919 996 1962 i

139 1996 206 2052 duas
217 1995 395 2052 nobilissimas
405 2005 494 2070 gentas
506 1995 605 2052 bellurn
616 1997 729 2051 summis
738 1997 945 2067 utrimqueviri-
995 2003 996 2008 ’

139 2072 191 2127 bus
210 2071 274 2126 luit:
295 2089 380 2143 quum
400 2073 428 2126 hi
447 2089 495 2144 pro
512 2080 597 2126 vetare
610 2071 780 2152 Macedonum
796 2070 892 2143 gloria,
906 2069 946 2124 illi
995 2119 996 2134 ,

139 2165 193 2202 non
213 2147 300 2202 solum
321 2164 367 2216 pro
386 2147 484 2201 illibata
505 2145 630 2210 libertate,
642 2145 689 2200 sed
702 2145 780 2199 etiam
794 2161 845 2216 pro
858 2144 947 2200 salute
995 2149 996 2184 l

138 2229 273 2276 cancrent.
304 2221 371 2277 Victi
390 2221 586 2276 Lacedaemonii
611 2237 662 2274 non
686 2219 737 2291 ipsi
756 2227 874 2285 tantum,
899 2219 948 2274 sed
995 2259 996 2266 κ

138 2295 217 2348 etiam
227 2297 352 2369 coniuges
363 2296 491 2367 liberique
500 2311 597 2368 magno
609 2295 697 2348 animo
707 2293 838 2348 fortunam
850 2293 947 2349 tulere.

139 2368 222 2420 Nemo
242 2371 341 2440 quippe
360 2371 387 2424 in
406 2372 460 2424 acle
478 2370 555 2424 saluti
574 2369 700 2440 pepercit;
723 2368 795 2423 nulla
810 2369 948 2425 amissum

137 2440 277 2511 coniugem
298 2441 383 2510 flevit;
414 2444 528 2498 filiorum
549 2451 659 2498 mortem
683 2459 759 2496 senes
782 2441 946 2510 laudabant;
995 2499 996 2506 ,

137 2512 259 2578 patribus
272 2515 299 2567 in
315 2517 369 2568 acie
382 2518 464 2570 caesis
479 2518 525 2572 filii
536 2517 750 2588 gratulabantur;
767 2534 845 2571 suam
857 2517 949 2572 vicem
995 2513 996 2524 ¹

137 2597 229 2636 ornnes
243 2585 375 2650 dolebant,
391 2591 463 2659 quod
477 2607 529 2644 non
540 2591 591 2660 ipsi
605 2609 652 2662 pro
662 2592 759 2662 patriae
769 2589 892 2646 libertate
907 2609 951 2646 oe-

137 2650 271 2708 cidissent.
303 2660 453 2716 Parentibus
467 2681 559 2718 omnes
573 2664 950 2738 domibns'sauciosexoipie·
995 2721 996 2724 ,
