1998 3006
139 173 187 230 tit
369 181 519 226 1usrru1
536 179 693 225 Hieron.

135 280 184 334 dit.
216 280 270 332 Nec
282 280 415 333 Eumenes
433 297 534 333 moram
551 279 648 350 proelio
657 278 728 348 lecit;
750 279 799 350 qui
812 280 897 334 victus
908 277 933 332 in

135 353 269 408 munitum
284 354 419 424 quoddam
434 353 571 407 castellum
585 352 716 426 confugit:
738 354 784 407 ubi
799 371 886 424 quum
897 352 936 407 vi-

134 428 206 482 deret
216 444 243 480 se
253 427 384 482 lortunarn
398 428 543 482 obsidionis
553 429 716 493 subiturum,
729 428 855 482 maiorem
864 445 937 482 exer-

134 503 202 556 citus
216 510 317 572 partem
331 503 441 567 dimisit,
458 520 491 556 ne
508 511 553 556 aut
561 501 690 557 consensu
702 502 883 556 multitudinis
892 503 937 554 hc

135 577 167 630 sti
178 575 330 642 traderetur,
347 586 392 632 aut
407 577 509 633 obsidio
522 577 579 648 ipsa
595 577 936 650 multitudinegravaretur.

133 653 244 724 Legatos
259 651 353 706 deinde
368 653 402 707 ad
413 652 590 722 Antipatrum,
603 652 675 723 quod
685 651 757 706 solus
768 669 815 722 par
827 651 938 724 Antigo-

134 727 162 780 ni
174 726 277 780 viribus
288 727 434 793 videbatur,
451 726 583 798 supplices
594 727 685 793 mittit;
707 743 784 798 aquo
793 744 882 797 quum
893 742 938 780 au-

134 801 199 855 xilia
213 803 328 856 Eumeni
342 803 422 856 missa
435 802 584 874 Antigonus
597 800 739 866 didicisset,
758 802 791 855 ab
801 801 939 855 obsidione

133 877 249 930 recessit.
279 878 342 930 Erat
355 877 463 948 quidem
479 876 582 930 solutus
599 872 631 930 a'd
645 884 749 946 tempus
763 883 833 930 metu
845 875 938 931 mortis

133 951 280 1005 Eumenes:
301 951 348 1005 sed
363 969 410 1004 nee
423 950 516 1004 salutis
526 951 636 1005 dimisso
645 951 760 1005 exercitu
771 968 866 1022 magna
879 967 940 1021 spes
982 979 983 984 =

134 1033 196 1080 erat.
226 1024 321 1079 Omnia
337 1025 418 1098 igitur
428 1025 648 1096 circumspicienti
658 1026 789 1096 optimum
801 1025 891 1079 visum
902 1033 940 1078 est

134 1098 167 1153 ad
178 1098 321 1153 Alexandri
332 1100 420 1172 Magni
432 1099 634 1172 Argyraspidas,
650 1100 778 1154 invictum
792 1100 940 1154 exercitum

133 1180 159 1226 et
168 1180 204 1226 tot
214 1173 381 1227 victoriarum
393 1173 598 1246 praefulgentem
612 1174 705 1246 gloria,
717 1174 859 1228 decurrere.
888 1174 941 1229 Sed
985 1189 986 1200 ¹

132 1247 325 1321 Argyraspides
346 1256 404 1319 post
423 1248 604 1302 Alexandrum
623 1267 714 1304 omnes
727 1249 807 1303 duces
821 1247 941 1304 lastidie-
986 1244 987 1258 ¹

132 1323 206 1386 bant,
226 1322 359 1376 sordidam
375 1323 496 1378 militiam
513 1323 565 1376 sub
579 1323 639 1377 aliis
655 1331 714 1394 post
725 1324 790 1378 tanti
801 1324 871 1396 regis
885 1343 941 1378 me-
987 1331 988 1334 ’

133 1398 245 1450 moriam
268 1397 458 1453 existimantes.
491 1400 581 1468 ltaque
599 1399 732 1452 Eumenes
748 1398 941 1453 blandimentis
988 1407 989 1410 ’

134 1490 222 1546 agere;
244 1473 397 1544 suppliciter
411 1471 531 1546 singulos
542 1472 658 1544 adloqui,
672 1490 742 1528 nunc
753 1477 941 1528 commilitones

132 1566 202 1611 suos,
215 1559 414 1616 nuncputronos
423 1547 565 1619 appellans,
574 1551 752 1616 periculorum
762 1548 941 1603 Orientalium

133 1628 231 1686 sociem
252 1641 324 1678 nunc
342 1629 446 1694 refugio
467 1626 562 1677 salutis
583 1640 646 1676 suaa
666 1631 690 1676 et
709 1629 788 1677 unico
799 1628 940 1690 praesidia

133 1715 357 1753 commemorans:
377 1702 445 1753 solos
467 1715 529 1762 esse,
550 1715 660 1766 quorum
679 1702 776 1752 uirtute
794 1697 890 1752 Oriens
905 1703 941 1751 sit

133 1777 259 1836 domitus:
279 1777 354 1836 solos,
371 1778 416 1840 qui
430 1775 551 1826 militium
560 1773 647 1826 Liberi
653 1778 748 1840 putris,
759 1779 805 1840 qui
814 1773 942 1828 Herculis

133 1855 296 1900 monumento
313 1851 480 1913 superarint:
497 1864 546 1913 per
561 1849 607 1900 lios
622 1849 804 1900 Alexandrum
814 1864 940 1916 moenum

132 1925 245 1988 tactum·
262 1938 311 1988 per
325 1925 370 1974 lios
379 1925 481 1974 divitior
490 1923 599 1975 bonores
608 1930 633 1974 et
642 1924 812 1975 immortalem
824 1926 941 1990 pieriam

134 2003 315 2048 comccutum:
334 2003 397 2058 orat,
414 2004 444 2048 ut
457 2013 509 2049 non
519 2004 572 2050 tam
582 2000 672 2049 ducem
684 2013 798 2064 coquum
809 2000 942 2050 commili-

133 2079 216 2124 tonem
234 2075 375 2138 recipiant,
396 2087 525 2138 unumque
543 2088 577 2125 eu
595 2087 702 2138 corpore
719 2087 766 2124 suo
781 2087 836 2124 esse
848 2074 933 2126 uelint

132 2145 261 2216 Receptus
280 2144 329 2199 hac
347 2143 403 2218 lege
422 2143 559 2214 paullatim
576 2144 727 2214 imperium,
745 2144 864 2214 primum
881 2163 946 2199 mo-

133 2219 221 2274 nendo
232 2219 361 2293 singulos,
375 2236 437 2273 mox
447 2236 516 2290 quae
526 2236 661 2290 perperam
672 2217 737 2272 lacta
750 2227 833 2284 erant,
841 2219 944 2274 blande

132 2294 295 2364 corrigendo,
314 2302 436 2364 usurpat:
458 2294 524 2348 nibil
541 2293 567 2347 in
579 2293 856 2367 castrissineilloagi,
869 2295 945 2348 nibil

132 2365 311 2420 administrari
321 2370 379 2422 sine
389 2367 501 2422 sollertia
511 2367 583 2422 illius
597 2375 704 2438 poterat.

188 2438 257 2492 Cir.
279 2442 324 2494 lli.
345 2441 386 2494 Ad
400 2450 561 2511 postremum
578 2460 663 2514 quum
672 2441 836 2515 Antigonum
848 2444 946 2498 venire

131 2524 193 2562 cum
213 2513 327 2566 exercitu
344 2515 494 2569 nuntiatum
512 2524 587 2579 esset,
605 2515 737 2587 compellit
751 2533 795 2570 ecs
809 2517 838 2570 in
853 2519 946 2572 aciem

131 2579 298 2664 descendere.
329 2587 368 2638 lbi
379 2587 444 2640 dum
455 2589 530 2642 ducis
542 2590 649 2660 imperia
661 2598 841 2655 contemnunt,
854 2591 947 2646 bosti-

131 2663 178 2701 um
196 2661 291 2708 virtute
303 2668 470 2726 superantur.
501 2664 531 2716 ln
546 2681 576 2717 eo
585 2663 685 2734 proelio
695 2681 747 2720 non
755 2664 870 2738 gloriam
882 2674 947 2722 tan-
