2016 3028
303 176 376 224 nte.
396 177 491 225 XXIV.
522 179 601 226 cAP.
623 179 647 224 t.
831 177 879 229 {83

67 293 165 340 sonus,
177 277 381 346 personantibus
390 285 415 332 et
425 278 645 349 respondentibus
655 279 723 332 iuter
732 281 879 351 serupihus

71 349 213 422 multiplex
226 351 312 404 audiri
330 351 495 424 ampliorque
509 371 591 424 quam
606 353 693 408 editur
705 371 826 408 resonare
835 373 880 410 so-

71 425 117 480 let.
137 425 210 491 Quae
219 443 261 480 res
272 426 397 480 maiorem
411 427 552 481 maiestatis
563 436 685 482 terrorem
696 429 795 502 ignaris
806 431 843 484 rei
853 440 879 484 et

68 501 245 556 admiratione
259 502 425 570 stupentibus
440 501 597 572 plerumque
607 502 710 556 adlert„
729 504 759 558 In
770 505 820 558 hoc
832 523 878 559 ru-

68 577 114 646 pis
124 574 242 629 anlraetu
254 575 429 636 medialerme
439 577 536 630 montis
546 576 684 630 altitudine
693 577 876 648 planitiesexi-

69 667 124 726 gua
139 659 186 714 est,
199 657 277 721 atque
286 650 314 704 in
325 669 354 704 ea
364 650 527 722 profundum
537 659 618 705 terrae
628 651 753 716 foramen¹
765 654 839 724 quod
849 654 876 708 in

68 724 177 780 oracula
193 733 274 795 patet:
289 742 322 778 ex
333 743 387 796 quo
398 724 511 798 frigidus
521 726 630 797 spiritus
641 726 667 779 vi
678 727 794 796 quadam
807 726 877 782 velut

69 807 151 854 vento
165 799 193 852 in
208 798 323 854 sublime
337 799 465 870 expulsus
479 808 677 854 merrtesvatum
688 801 716 854 in
727 800 876 854 vecordiam

68 874 158 937 vertit,
171 872 344 946 impletasque
356 873 404 928 deo
417 891 541 945 responsa
551 873 750 928 consulentibus
758 874 821 928 dare
833 892 877 928 co-

67 949 121 1024 git.
151 947 235 1002 Multa
250 948 332 1022 igitur
341 947 379 1002 ibi
392 955 417 1002 et
425 949 549 1020 opulenta
560 965 653 1020 regum
664 946 877 1020 populorumque

69 1024 197 1077 visuntur
211 1041 335 1077 munera:
356 1040 478 1095 quaeque
488 1023 682 1096 magnificentia
694 1023 746 1088 sui,
765 1023 876 1078 redden-

68 1099 140 1152 tium
159 1105 216 1152 vota
231 1105 333 1170 gratam
345 1097 514 1162 voluntatem,
526 1105 551 1152 et
560 1097 671 1154 deorum
684 1113 808 1169 responsa
818 1115 876 1152 ma·

68 1171 204 1228 uiiestant.
804 1196 807 1205 v

124 1247 195 1302 Can.
205 1247 262 1302 Vll.
283 1247 367 1320 Igitur
379 1248 500 1302 Brennus
508 1265 595 1319 quum
606 1245 634 1302 in
645 1255 784 1318 eonspestu
794 1247 876 1304 habe-

66 1329 107 1376 ret
122 1321 260 1393 templum,
277 1321 324 1376 diu
339 1321 503 1386 deliberavit,
519 1340 552 1376 an
568 1321 705 1377 confestim
716 1340 770 1378 rem
781 1323 875 1396 adgre-

65 1397 182 1460 deretur,
199 1415 234 1452 an
248 1413 310 1452 vero
322 1395 398 1450 fessis
414 1397 456 1452 via
473 1396 603 1452 militibus
613 1398 696 1452 noetis
714 1397 830 1468 spatium
840 1397 874 1452 ad

66 1470 241 1527 resumendas
256 1471 325 1526 vires
334 1471 416 1526 daret.
437 1472 557 1527 Emanus
566 1479 591 1526 et
601 1470 772 1527 Thessalorus
782 1472 872 1537 duces,

63 1545 116 1618 qui
127 1563 156 1600 se
166 1547 199 1600 ad
210 1548 319 1617 praedae
327 1546 474 1601 societatem
485 1547 635 1611 iunxerant,
646 1551 873 1614 amporartmoros

66 1621 171 1686 iubent,
186 1625 248 1676 ctum
261 1627 387 1689 imparati
399 1625 484 1676 hostes
498 1630 522 1676 ct
535 1638 624 1676 recens
633 1625 759 1675 adventus
768 1625 811 1674 sui
821 1629 874 1674 tau

64 1705 208 1752 rarescet:
227 1701 364 1752 interiecta
380 1707 453 1751 nocte
463 1705 487 1752 et
493 1700 594 1752 animos
604 1698 718 1750 hostibus
727 1699 840 1763 forsitan
850 1703 874 1748 et

63 1775 175 1826 auxilio
189 1787 329 1826 accessura
334 1791 342 1838 ;
363 1780 388 1826 et
401 1776 466 1835 uias,
481 1789 547 1840 quoe
560 1780 622 1825 tunc
634 1778 752 1838 pateant,
770 1772 874 1824 obstru-

63 1855 139 1900 ctum
157 1849 201 1900 iri.
231 1845 282 1902 Sed
296 1845 434 1900 Gallorum
452 1845 550 1918 vulgus
564 1863 598 1900 ex
615 1844 692 1918 longa
709 1843 806 1915 inopia,
825 1843 873 1900 ubi

64 1920 187 1992 primum
197 1919 259 1974 vino
268 1920 413 1992 ceterisque
422 1920 613 1975 commeatibus
623 1918 715 1974 relenta
725 1937 787 1974 rura
798 1919 873 1974 inve·

65 1995 114 2059 nit,
135 2011 191 2050 nou
214 1994 305 2048 minus
319 1995 481 2050 abundantia
495 2013 577 2068 quam
595 1994 698 2050 victoria
715 1992 812 2048 laetum
826 2011 873 2065 per

62 2087 143 2143 agros
164 2085 193 2122 sc
215 2078 358 2139 sparserat:
380 2069 542 2142 desertisque
562 2069 647 2142 signis
670 2069 704 2124 ed
719 2067 871 2139 occupanda

45 2143 155 2199 omnia
171 2161 218 2215 pro
227 2143 370 2199 victoribus
381 2145 555 2218 vagabantur.
586 2143 658 2210 Quae
668 2161 709 2196 res
719 2142 872 2196 dilationem

63 2217 174 2290 Delphis
191 2217 272 2272 dedit.
302 2219 390 2274 Prima
407 2237 522 2290 namque
536 2218 659 2290 opinione
669 2217 798 2271 adventus
809 2215 873 2272 Gal-

64 2293 153 2348 lorum
168 2293 295 2363 prohibiti
309 2301 424 2368 agrestes
434 2292 547 2348 oraculis
557 2292 678 2347 feruntur
688 2308 786 2345 messes
798 2291 876 2346 vina-

60 2387 118 2440 que
133 2367 206 2422 villis
220 2367 319 2423 efferre.
352 2369 436 2424 Cuius
451 2368 489 2423 rei
504 2367 618 2422 salutare
635 2374 802 2438 praeceptum
818 2384 873 2422 non

62 2444 140 2514 prius
161 2442 322 2498 intellectum
336 2451 382 2509 est,
399 2461 491 2516 quam,
503 2442 561 2496 vini
573 2449 771 2513 ceterarumque
782 2443 874 2512 copia-

63 2535 125 2572 rum
136 2517 300 2572 abundantia
311 2517 383 2573 velut
393 2537 465 2573 mora
476 2516 561 2572 Gallis
570 2516 678 2581 obiecta,
694 2516 793 2570 auxilia
809 2514 872 2568 fini-

62 2593 192 2647 timorum
204 2609 360 2648 convenere.
390 2593 467 2647 Prius
478 2591 567 2663 itaque
579 2591 671 2645 urbem
686 2606 763 2644 suam
776 2587 871 2655 Delphi

61 2667 133 2722 aucti
149 2667 253 2724 viribus
269 2667 400 2724 sociorum
415 2666 610 2739 permunivere‚
626 2680 708 2735 quam
723 2659 794 2715 Galli
807 2659 871 2714 vino
