2016 3028
306 200 377 246 Lru.
398 202 492 258 xxm.
514 203 595 248 cna
611 173 632 246 ‘a
826 201 873 253 ior

71 301 154 354 iunia
163 301 267 366 imperii
276 315 364 353 eorum
374 305 495 354 terminos
505 319 565 355 esse.
586 301 638 356 Sed
647 311 672 355 et
681 306 881 370 ipsioaocmtum

73 390 128 428 csse
145 376 299 440 cuempiam,
320 379 402 438 cuius,
418 385 516 443 quanto
528 381 655 444 promtius
669 381 832 450 nobiliusque
843 385 881 434 sit

72 465 191 516 reanum,
216 456 288 502 tanto
306 455 340 503 sit
360 450 488 504 Romanos
507 455 623 504 acriores
637 455 719 506 nostes
733 455 878 508 habiturus.

74 519 160 592 Smper
171 521 243 585 haec,
257 527 344 577 cedere
353 541 380 577 so
390 527 431 578 illi
440 542 527 593 roano,
539 529 607 594 quod
617 525 726 580 Romani
736 545 880 596 occupaue-

72 601 138 659 rint,
154 595 299 666 profitetur,
313 603 416 666 pentius
428 602 573 662 habiturus,
584 603 645 653 siin
656 605 815 667 possessione
828 605 880 656 im-

69 676 143 739 perii
156 677 199 724 sui
213 676 311 726 socium
325 677 412 740 potius
427 690 504 741 quam
518 677 600 727 hostes
613 679 718 729 videret.
751 675 883 730 Huiusce-

72 745 147 800 modi
167 745 283 800 oratione
303 746 409 818 impulit
427 747 589 818 Philippum,
612 755 641 802 ut
659 748 765 806 omissis
781 749 883 804 Aetolis

1 822 2 827 ’
71 819 177 874 bollum
192 821 318 874 Romanis
332 818 445 885 inferret,
462 821 554 876 minus
569 822 664 893 negotii
673 822 877 889 existimantem,

72 893 211 966 quodiam
224 895 304 950 victos
318 895 351 948 ab
361 895 507 950 Hannibale
517 895 588 966 apud
598 895 782 951 Trasimenum
791 896 879 952 lacum

73 969 203 1023 audierat.
235 970 325 1040 Itaque
340 987 372 1024 ne
386 969 476 1024 eodem
487 978 603 1040 tempore
613 970 704 1024 multis
718 970 793 1025 bellis
804 971 881 1026 disti-

73 1050 190 1106 neretur,
203 1060 293 1113 paoem
305 1061 367 1098 cum
377 1044 474 1098 Aetolis
486 1044 554 1109 iacit,
568 1062 620 1098 non
631 1045 709 1116 quasi
719 1044 769 1099 alio
779 1045 880 1101 bellum
944 1043 952 1052 ‘

1 1135 2 1178 l
72 1117 262 1182 translaturus,
277 1117 324 1172 sed
337 1125 367 1172 ut
381 1117 503 1174 Graeciae
516 1119 597 1192 quieti
608 1119 786 1186 consulturus,
802 1139 880 1190 quam

1 1193 2 1258 j
72 1210 217 1260 numquam
230 1197 258 1246 in
274 1197 369 1246 maiori
380 1197 499 1260 periculo
513 1199 593 1263 tuisse
606 1194 775 1249 adfirmabat:
795 1201 881 1265 siqui·

72 1272 131 1320 dem
147 1271 360 1335 constupentibus
370 1270 403 1320 ab
415 1267 551 1322 Occidente
560 1274 634 1324 nouis
642 1269 783 1324 Poenorum
794 1280 818 1325 et
828 1273 880 1324 llo-

70 1359 212 1396 manorum
234 1345 358 1408 imperiis,
380 1345 472 1410 quibus
495 1360 549 1396 una
562 1346 625 1398 haec
640 1363 658 1398 a
674 1343 788 1399 Graecia
802 1354 883 1414 atque

70 1416 138 1470 Asia
152 1421 187 1470 sit
202 1433 285 1478 mma,
302 1420 363 1469 dum
373 1419 442 1469 inter
455 1433 482 1469 sc
494 1420 559 1470 bello
570 1421 710 1472 discrimen
722 1423 826 1486 imperii
836 1425 851 1488 f
865 1450 879 1460 -

71 1496 161 1544 ciunt:
189 1499 299 1545 ceteram
312 1494 401 1545 statim
410 1494 551 1546 uictoribus
563 1497 702 1547 transitum
711 1497 740 1546 in
751 1492 883 1547 Orientem

81 1583 136 1620 ore.

68 1571 84 1636 s
128 1638 202 1693 Car.
223 1640 268 1692 111.
294 1639 384 1692 Videre
393 1643 519 1708 scitaque
529 1639 573 1703 ait,
587 1648 779 1708 concurrentem
793 1641 883 1693 inita-

70 1718 110 1769 lia
125 1717 220 1767 nubem
235 1717 309 1768 illam
325 1718 406 1766 trucis
416 1721 440 1766 et
450 1719 551 1768 cruenti
561 1717 634 1780 belli;
653 1717 741 1767 uidere
752 1722 883 1768 tonantem

69 1807 102 1844 ac
112 1790 298 1859 fulminantem
307 1790 340 1841 ub
353 1787 453 1842 Occasu
461 1791 603 1856 procellam
614 1804 692 1857 auam
704 1792 731 1842 in
742 1805 882 1857 quoscum-

69 1881 121 1933 que
143 1870 276 1916 terrarum
286 1870 377 1930 partes
390 1866 516 1916 victoriae
531 1870 665 1930 tempestas
678 1865 807 1927 detulerit,
823 1881 882 1918 ma-

67 1956 122 2008 pno
135 1941 240 1991 cruoris
249 1939 330 1991 imbre
339 1941 425 1990 annia
434 1941 606 2004 induturum.
625 1936 785 2005 Frequenter
797 1937 884 1994 Grae-

69 2019 145 2068 ciam
166 2016 281 2079 inuenies
302 2019 387 2065 moitis
407 2027 528 2078 passam,
550 2028 619 2064 riunc
640 2011 787 2074 Persarum,
810 2029 884 2066 nuno

70 2088 225 2146 Gallorum,
236 2101 305 2139 nunc
314 2086 485 2141 Macedonum
496 2088 582 2151 bellis,-
601 2089 646 2138 sea
655 2091 742 2140 omnia
753 2088 801 2139 illa
813 2089 881 2140 leuia

67 2168 155 2232 tuisse
169 2163 374 2222 emistimaturos‚
384 2164 408 2212 si
417 2177 456 2222 ea,
468 2175 534 2228 quac
544 2176 611 2212 nuuc
622 2161 883 2214 initaliaconcurrat
911 2206 914 2210 ,

67 2241 265 2300 manus‚eutra
286 2236 476 2288 terramillam
498 2251 525 2286 se
545 2236 675 2303 effuderit.
718 2232 827 2287 Cernere
844 2251 882 2298 se,

69 2327 155 2382 quam
166 2317 275 2364 cruenta
285 2315 308 2362 et
318 2311 493 2376 sanpuinariu
502 2312 571 2362 inter
580 2323 607 2360 se
618 2309 882 2376 belluutriquepopu-

69 2390 91 2441 a·
113 2393 140 2439 et
158 2386 260 2438 uiribus
279 2385 414 2450 copiarum
428 2389 451 2434 et
465 2385 560 2435 ducam
573 2383 675 2434 artibus
687 2391 794 2450 perant:
814 2401 882 2452 quae

67 2463 162 2516 rabies
176 2461 249 2526 finiri
260 2460 316 2529 solo
327 2460 415 2524 partis
427 2459 538 2510 citerius
549 2459 656 2509 interitu
666 2461 721 2510 sine
730 2462 811 2512 ruina
820 2462 883 2525 [ini-

68 2539 199 2590 timorum
215 2549 267 2586 non
280 2535 369 2598 possit.
398 2530 479 2585 Feros
495 2533 575 2599 ipitur
585 2534 822 2586 animosvictorum
830 2535 879 2582 mi-

66 2625 123 2665 nus
138 2611 242 2676 quidem
255 2606 425 2662 Macedoniae
441 2621 518 2674 quam
535 2603 662 2658 Graeciae
673 2609 804 2664 timendos,
817 2609 883 2670 quia

67 2693 94 2740 ct
105 2686 234 2738 remotior
253 2689 277 2734 et
290 2683 474 2734 invindictam
487 2683 529 2732 sui
543 2679 674 2731 robustior
688 2681 735 2729 sit:
757 2679 825 2728 scire
839 2683 884 2726 ta·
