2044 3028
352 217 420 262 LIB.
441 219 523 264 XXX.
555 219 637 264 CAP.
660 218 682 264 3.
871 215 921 268 205

114 317 217 380 misere,
229 323 342 381 orantes,
361 326 391 371 ut
406 321 512 372 tutelam
523 323 618 388 pupilli
633 325 800 388 susciperent,
818 327 922 375 tueren-

116 402 209 462 turpue
227 409 337 461 repnnm
349 393 465 461 Aepppll,
483 398 550 462 quod
565 399 618 448 lons
633 395 779 464 Philippum
790 403 814 448 el
829 397 921 449 Antio-

115 471 199 526 chum,
211 473 285 536 sueto
294 471 363 520 inter
371 472 533 534 sepocllone,
545 472 663 522 divisisse
671 469 801 523 dicebant.

172 541 242 596 Car.
264 541 310 594 lll.
332 539 410 594 Grata
425 539 520 614 legatio
533 543 658 596 Romanis
668 540 727 608 fnit,
739 560 846 598 causam
856 541 921 597 belli

116 614 244 669 adversus
259 613 412 686 Philippum
427 617 622 686 quaerentibus,
639 617 685 688 qui
701 617 841 671 insidiatus
854 627 921 671 tem·

116 689 227 761 poribus
242 689 335 743 Punici
351 689 414 744 belli
428 689 518 744 luerat.
549 691 606 745 Huc
618 691 762 756 accedebat,
775 691 847 762 quod
856 691 921 746 Poe-

116 765 160 818 nis
177 773 201 817 et
218 762 365 818 Hannibale
379 771 508 835 superato,
525 765 626 820 nullius
637 767 722 838 magis
733 783 805 820 arma
821 773 921 820 metue-

116 839 195 893 bant:
220 838 412 910 reputantibus,
435 847 565 910 quantum
582 847 684 894 motum
702 840 822 914 Pyrrhus
838 857 921 911 parva

115 931 200 968 manu
210 913 383 968 Macedonum
393 913 420 968 in
433 914 505 968 ltalia
515 911 625 979 fecisset,
638 921 805 986 quantasque
815 931 856 968 res
866 915 922 969 Ma-

117 987 228 1042 cedones
243 987 271 1042 in
285 985 390 1042 Oriente
406 988 556 1061 gessissent.
587 991 726 1044 Mittuntur
735 990 823 1060 itaque
833 988 919 1062 legati,

115 1063 164 1135 qui
171 1061 299 1117 Antiocho
312 1062 463 1134 etPhilippo
476 1063 730 1133 denuntient:repno
744 1067 853 1133 Aepppll
862 1066 922 1117 ohs-

118 1144 227 1192 llneonl.
258 1137 369 1192 Mittitur
386 1146 411 1191 et
425 1138 462 1193 M.
477 1137 593 1210 Lepidus
608 1139 634 1192 in
643 1138 808 1212 ‘Aegyptum
822 1137 869 1211 qui
881 1145 922 1192 tu-

118 1213 184 1266 torio
203 1212 311 1266 nomine
329 1229 442 1285 regnum
461 1212 557 1284 pupilli
571 1213 745 1268 administret.
775 1215 843 1267 Dum
859 1212 923 1267 haec

118 1294 244 1360 aguntur,
267 1287 372 1342 interim
387 1286 527 1360 legationes
543 1286 621 1343 Attali
637 1289 706 1364 regis
719 1297 743 1342 et
758 1287 922 1344 Rhodiorum

117 1361 231 1416 iniurias
255 1361 371 1433 Philippi
391 1369 529 1433 querentes
548 1362 658 1418 Romam
678 1372 815 1418 venerunt.
850 1362 923 1430 Quae
1010 1369 1018 1378 “’

117 1453 160 1491 res
174 1453 281 1491 omnem
292 1437 487 1493 ,crrnctationem
501 1437 660 1492 Macedonici
674 1436 737 1492 belli
752 1437 852 1493 senatui
862 1453 924 1490 exe-
1017 1475 1018 1478 η

118 1511 179 1566 mit.
209 1511 302 1566 Statim
321 1511 403 1585 igitur
423 1511 499 1566 titulo
512 1510 610 1567 ferendi
626 1512 704 1567 sociis
719 1511 812 1566 auxilii
822 1510 923 1564 bellurn

117 1585 248 1642 adversus
261 1585 415 1658 Philippum
429 1586 585 1652 decernitur,
603 1587 771 1660 legionesque
785 1603 845 1639 curn
862 1601 925 1639 con-

118 1661 178 1716 sule
188 1661 216 1715 in
227 1661 405 1716 Macedoniam
417 1661 567 1716 mittuntur.
598 1663 651 1715 Neo
662 1659 745 1715 multo
754 1667 812 1732 post
824 1666 925 1730 tempo-

119 1753 148 1790 re
169 1743 220 1790 tota
239 1734 347 1791 Graecia
367 1736 462 1791 liducia
477 1737 665 1800 Romanorum,
682 1735 809 1790 adversus
823 1734 925 1805 Philip-

119 1827 187 1883 pum
207 1827 254 1881 spe
277 1809 404 1882 pristinae
419 1809 544 1865 libertatis
559 1819 650 1876 erecta,
668 1809 767 1864 bellum
781 1809 804 1864 ei
820 1809 922 1864 intulit:

119 1894 200 1958 atque
217 1884 259 1951 ita,
282 1903 368 1957 quum
385 1903 431 1939 rex
450 1885 570 1958 undique
589 1892 708 1959 urgetur,
733 1901 824 1958 pacem
839 1893 925 1956 petere

118 1959 294 2031 compellitur.
324 1959 423 2015 Deinde
436 1977 521 2032 quum
536 1962 668 2034 expositae
681 1960 842 2016 conditiones
852 1960 924 2031 pacis

119 2055 135 2091 a
155 2035 283 2090 Romanis
297 2041 393 2100 essent,
412 2045 525 2106 repetere
540 2053 587 2090 sua
602 2043 627 2090 et
640 2035 742 2090 Attalus
756 2043 780 2097 et
794 2035 890 2090 Rhodii
901 2041 926 2088 et

119 2109 218 2166 Achaei
237 2117 262 2163 et
280 2109 365 2164 Aetoli
381 2125 495 2180 coepere.
527 2109 621 2164 Contra
635 2109 774 2181 Philippus
788 2113 885 2162 adduci
899 2125 926 2161 se

116 2202 202 2254 posse,
226 2193 255 2238 ut
279 2185 400 2239 hontonis
415 2193 518 2252 pareat,
540 2184 707 2251 concedebat;
730 2191 841 2237 ceterum
855 2187 926 2236 indl-

118 2277 199 2330 pmun
215 2276 269 2314 esse
285 2259 399 2314 Gnaeum
414 2278 432 2313 o
446 2260 563 2327 Philippo
580 2269 603 2314 et
616 2259 768 2313 Aleoeandro
783 2261 927 2311 maioribus

120 2337 176 2390 suls
195 2339 278 2388 uictos
297 2341 322 2386 et
340 2336 388 2387 sub
402 2337 491 2402 lupum
503 2335 666 2389 Macedonici
680 2337 784 2402 imperil
797 2335 924 2394 subactos,

120 2412 202 2464 veluti
215 2413 336 2470 uictores,
354 2410 420 2477 lepus
430 2411 507 2476 pacis
524 2411 575 2463 sihi
588 2413 681 2472 dicere,
698 2411 790 2478 quihus
801 2411 879 2475 prius
892 2411 927 2460 sit

120 2488 256 2538 serultulis
266 2485 478 2537 rolloneddendo
488 2499 566 2552 quom
577 2485 861 2538 libertusoindiconolo.
885 2479 928 2532 hd

120 2565 286 2630 postremum
299 2563 385 2611 lamen
396 2563 499 2628 petente
508 2574 538 2612 eo
548 2556 786 2612 induciaeduorum
794 2553 928 2606 mensium

121 2633 206 2697 datae,
236 2639 264 2686 ut
285 2648 348 2702 pax,
373 2648 442 2703 quae
464 2631 493 2686 in
513 2631 663 2686 Macedonia
678 2647 730 2686 non
746 2624 925 2688 conveniebat,

110 2708 221 2762 ¹Romae
231 2723 245 2762 a
257 2714 349 2762 senatu
359 2713 496 2780 peteretur.
