2014 3000
246 169 247 177 ¹
334 159 406 203 LIB.
426 157 495 204 vm.
526 159 603 206 CAP.
625 161 650 206 5.
863 154 898 207 73

83 264 204 329 petentes
224 274 318 328 pacem
338 257 452 313 adeum
474 267 607 314 venerunt.
641 259 745 324 Quibus
761 259 858 313 auditis
872 269 899 314 et

85 333 143 404 ipse
154 332 254 404 legatos
259 331 376 386 Athenas
386 350 448 386 cum
458 335 530 404 pacis
540 334 733 389 conditionibus
744 335 830 388 misit:
845 335 899 388 ibi-

85 424 140 478 que
157 424 192 460 ex
213 405 353 461 commodo
371 415 545 480 utrorumque
561 426 615 480 pax
634 408 710 464 facta.
744 410 786 462 Ex
804 410 898 462 ceteris

86 498 196 553 quoque
211 481 336 536 Graeciae
350 482 500 537 civitatibus
517 501 569 550 nou
584 484 655 553 pacis
664 501 760 548 amore,
774 483 820 536 sed
833 483 896 538 belli

86 563 159 610 metu
171 554 316 628 legationes
326 575 433 613 venere:
448 558 580 628 siquidem
590 558 758 612 crudescente
768 558 805 612 ira
814 559 897 612 Thes-

86 631 136 684 sali
147 631 300 702 B0eotiique
310 641 398 696 orant,
415 641 444 686 ut
454 638 600 702 professum
610 637 748 686 adversum
756 635 897 688 Phocenses

87 711 180 760 ducem
197 706 326 760 Graeciae
344 711 478 775 cohibeat,¹
503 714 573 760 tanto
588 706 648 761 odio
661 707 837 760 Phocensium
854 726 897 762 ar·
912 703 913 708 ¹

87 780 190 845 dentes,
207 787 238 834 ut
250 781 324 834 obliti
337 780 453 836 cladium
468 798 577 835 suarum
592 781 677 851 perire
687 781 737 850 ipsi
751 797 831 851 quam
843 799 896 836 non

86 855 198 926 perdere
206 872 251 908 eos
260 863 449 927 praeoptarent,
461 863 648 927 expertamque
657 853 773 926 Philippi
783 855 899 909 crudeli-

86 937 167 984 tatem
178 931 245 1000 pati,
254 947 335 1001 qnam
346 948 452 1001 parcere
462 931 582 984 hostibus
593 931 649 984 suis
660 930 777 984 mallent.
800 929 895 986 Contra

88 1005 266 1058 Phocensium
278 1003 363 1077 legati,
371 1005 714 1062 adhibitisLacedaemoniis
723 1005 896 1060 etAtbenien-

90 1080 177 1144 sibus,
190 1077 292 1133 bellum
302 1080 517 1150 deprecabantur,
525 1081 601 1134 cuius
612 1082 685 1135 abeo
696 1080 847 1135 dilationem
857 1089 898 1135 ter

89 1155 144 1208 iarn
153 1161 280 1208 emerant.
301 1154 418 1208 Foedum
433 1172 541 1225 prorsus
551 1155 785 1227 miserandumque
795 1164 897 1226 specta-

89 1228 192 1293 culum,
200 1228 336 1282 Graeciam
347 1229 424 1283 etiam
436 1247 508 1283 nunc
517 1238 542 1283 et
551 1230 654 1284 viribus
659 1238 683 1284 et
689 1231 815 1304 dignitate
823 1232 897 1286 orbis

88 1313 220 1358 terrarum
237 1304 398 1375 principem,
415 1322 508 1376 regum
523 1313 589 1359 certe
602 1306 775 1378 gentiumque
792 1309 898 1377 semper

88 1380 226 1434 victricem
236 1385 261 1432 et
271 1378 416 1434 multarum
427 1379 514 1434 adhuc
524 1381 633 1434 urbium
644 1381 789 1446 dominam,
801 1380 897 1436 alienis

89 1455 221 1509 excubare
236 1455 345 1508 sedibus
361 1461 406 1509 aut
420 1461 555 1529 rogantem
570 1455 671 1509 bellum
690 1465 735 1509 aut
754 1455 896 1525 deprecan-

88 1539 157 1599 tem,
180 1530 208 1584 in
222 1529 330 1584 alterius
340 1547 388 1601 ops
400 1547 506 1584 omnem
517 1547 592 1600 spem
605 1529 725 1600 posuisse
735 1529 806 1582 orbis
816 1537 897 1582 terra-

89 1623 153 1672 rum
167 1605 302 1670 dedices,
321 1622 405 1677 eoque
419 1603 549 1659 discordia
566 1622 614 1658 sua
627 1601 805 1674 civilibusque
820 1602 899 1658 bellis

89 1681 221 1745 redactos,
248 1688 279 1734 nt
306 1680 447 1734 adulentur
470 1679 539 1734 ultro
565 1677 698 1733 sordidam
723 1677 813 1750 paullo
838 1685 900 1732 aute

90 1754 226 1810 clientelae
236 1772 300 1810 suae
309 1763 423 1827 partem:
446 1763 470 1809 et
483 1755 548 1809 baec
556 1753 725 1826 potissimum
736 1753 819 1808 facere
829 1754 899 1808 The-

89 1832 174 1886 banos
188 1831 468 1902 Lacedaemoniosque,
486 1837 562 1886 antea
576 1831 681 1884 interae
696 1828 809 1901 imperii,
825 1847 900 1885 nunc

89 1907 190 1980 gratiae
211 1905 367 1976 imperantis
393 1904 520 1960 aemulos.
559 1904 699 1975 Philippus
721 1905 899 1960 venditatione
999 1965 1000 1968 Ἴ

89 1981 190 2055 gloriae
209 1998 274 2035 suae
292 1987 425 2035 tantarum
445 1979 555 2034 urbium
574 1979 710 2034 fastidium
724 1980 804 2052 agitat
820 1987 900 2051 atquc

90 2064 164 2112 utros
179 2056 269 2128 potius
285 2055 421 2128 dignetur,
439 2055 568 2109 aestimat.
597 2055 699 2109 Secreto
709 2054 791 2126 igitur
800 2053 899 2108 auditis

90 2132 214 2202 utrisque
229 2130 413 2204 legationibus,
431 2131 473 2184 his
493 2130 596 2186 veniam
611 2129 674 2184 belli
688 2127 838 2199 pollicetur,
856 2128 899 2181 iu·

90 2205 233 2261 reiurando
248 2205 355 2271 adactis,
367 2222 524 2277 responsum
535 2205 637 2260 nemini
650 2202 814 2275 prodituros;
844 2201 899 2258 illis

91 2289 190 2346 contra,
209 2287 352 2335 venturum
372 2280 595 2351 scansiliumque
615 2278 745 2346 laturum3
772 2284 901 2350 utrosque

91 2355 380 2427 vetatpararebellum‚
397 2363 442 2409 aut
451 2363 575 2409 metuere.
606 2354 650 2408 Sic
659 2353 758 2409 variato
774 2369 902 2424 responso

7 2469 8 2472 η
90 2432 192 2486 securis
202 2431 338 2494 omnibus,
350 2429 588 2503 Thermopylarum
599 2429 735 2502 angustias
744 2438 861 2499 occupat.

147 2506 219 2562 Car.
232 2505 265 2562 V.
287 2507 362 2560 Tunc
372 2505 489 2577 primum
500 2505 655 2569 Phocenses,
668 2510 755 2574 captos
770 2519 799 2555 se
808 2499 903 2553 fraude

91 2580 211 2653 Philippi
224 2581 472 2644 animadvertentes,
493 2578 588 2650 trepidi
603 2578 723 2660 adarma
733 2571 899 2641 confugiunt.

90 2655 144 2712 Sed
159 2673 248 2729 neque
262 2657 379 2729 spatium
394 2662 449 2710 erat
459 2652 608 2709 instruendi
620 2652 683 2708 belli
693 2667 741 2704 nec
752 2655 856 2714 tempus
868 2638 903 2692 ad
