<?xml version="1.0" encoding="UTF-8"?>
<!DOCTYPE html PUBLIC "-//W3C//DTD XHTML 1.0 Transitional//EN"
    "http://www.w3.org/TR/xhtml1/DTD/xhtml1-transitional.dtd">
<html xmlns="http://www.w3.org/1999/xhtml" xml:lang="en" lang="en">
 <head>
  <title>
</title>
<meta http-equiv="Content-Type" content="text/html;charset=utf-8" />
  <meta name='ocr-system' content='tesseract 3.04.00' />
  <meta name='ocr-capabilities' content='ocr_page ocr_carea ocr_par ocr_line ocrx_word'/>
</head>
<body>
  <div class='ocr_page' id='page_1' title='image "./justinihistoria00justgoog_0084.png"; bbox 0 0 2014 3000; ppageno 0'>
   <div class='ocr_carea' id='block_1_1' title="bbox 373 137 927 200">
    <p class='ocr_par' dir='ltr' id='par_1_1' title="bbox 373 137 927 200">
     <span class='ocr_line' id='line_1_1' title="bbox 373 137 927 200; baseline 0.005 -15"><span class='ocrx_word' id='word_1_1' title='bbox 373 142 447 200; x_wconf 57' lang='lat' dir='ltr'><strong>‚ura</strong></span> <span class='ocrx_word' id='word_1_2' title='bbox 468 141 537 188; x_wconf 80' lang='lat' dir='ltr'><strong>vm.</strong></span> <span class='ocrx_word' id='word_1_3' title='bbox 558 142 639 188; x_wconf 77' lang='lat' dir='ltr'><strong>can.</strong></span> <span class='ocrx_word' id='word_1_4' title='bbox 661 141 685 192; x_wconf 81' lang='lat' dir='ltr'><strong>s.</strong></span> <span class='ocrx_word' id='word_1_5' title='bbox 899 137 927 188; x_wconf 74' lang='lat' dir='ltr'><strong>tr</strong></span> 
     </span>
    </p>
   </div>
   <div class='ocr_carea' id='block_1_2' title="bbox 79 239 1005 2698">
    <p class='ocr_par' dir='ltr' id='par_1_2' title="bbox 124 239 1005 2161">
     <span class='ocr_line' id='line_1_2' title="bbox 126 239 1005 312; baseline 0 -16"><span class='ocrx_word' id='word_1_6' title='bbox 126 241 275 296; x_wconf 79' lang='lat' dir='ltr'>Phocenses</span> <span class='ocrx_word' id='word_1_7' title='bbox 286 239 437 312; x_wconf 85' lang='lat' dir='ltr'><strong>insignibus</strong></span> <span class='ocrx_word' id='word_1_8' title='bbox 443 240 484 295; x_wconf 91' lang='lat' dir='ltr'><strong>dei</strong></span> <span class='ocrx_word' id='word_1_9' title='bbox 494 242 647 312; x_wconf 70' lang='lat' dir='ltr'><strong>conspectis</strong></span> <span class='ocrx_word' id='word_1_10' title='bbox 660 241 816 295; x_wconf 86' lang='lat' dir='ltr'><strong>conscientia</strong></span> <span class='ocrx_word' id='word_1_11' title='bbox 827 239 934 296; x_wconf 86' lang='lat' dir='ltr'><strong>delicto-</strong></span> <span class='ocrx_word' id='word_1_12' title='bbox 1004 271 1005 276; x_wconf 63' lang='lat'><em>=</em></span> 
     </span>
     <span class='ocr_line' id='line_1_3' title="bbox 127 314 933 389; baseline 0 -20"><span class='ocrx_word' id='word_1_13' title='bbox 127 333 189 369; x_wconf 85' lang='lat' dir='ltr'><strong>rum</strong></span> <span class='ocrx_word' id='word_1_14' title='bbox 205 314 294 378; x_wconf 86' lang='lat' dir='ltr'><strong>territi,</strong></span> <span class='ocrx_word' id='word_1_15' title='bbox 311 315 417 368; x_wconf 88' lang='lat' dir='ltr'><strong>abiectis</strong></span> <span class='ocrx_word' id='word_1_16' title='bbox 432 316 512 370; x_wconf 80' lang='lat' dir='ltr'><strong>armis</strong></span> <span class='ocrx_word' id='word_1_17' title='bbox 522 315 770 389; x_wconf 86' lang='lat' dir='ltr'><strong>lugamcapessunt,</strong></span> <span class='ocrx_word' id='word_1_18' title='bbox 783 333 933 387; x_wconf 88' lang='lat' dir='ltr'><strong>poenasque</strong></span> 
     </span>
     <span class='ocr_line' id='line_1_4' title="bbox 129 387 931 463; baseline 0.002 -21"><span class='ocrx_word' id='word_1_19' title='bbox 129 389 240 444; x_wconf 82' lang='lat' dir='ltr'><strong>violatae</strong></span> <span class='ocrx_word' id='word_1_20' title='bbox 259 387 392 461; x_wconf 78' lang='lat' dir='ltr'><strong>religionis</strong></span> <span class='ocrx_word' id='word_1_21' title='bbox 411 391 540 463; x_wconf 85' lang='lat' dir='ltr'><strong>sanguine</strong></span> <span class='ocrx_word' id='word_1_22' title='bbox 556 399 581 444; x_wconf 91' lang='lat' dir='ltr'><strong>et</strong></span> <span class='ocrx_word' id='word_1_23' title='bbox 594 391 717 446; x_wconf 87' lang='lat' dir='ltr'><strong>caedibus</strong></span> <span class='ocrx_word' id='word_1_24' title='bbox 731 391 788 444; x_wconf 88' lang='lat' dir='ltr'><strong>suis</strong></span> <span class='ocrx_word' id='word_1_25' title='bbox 804 390 931 461; x_wconf 89' lang='lat' dir='ltr'><strong>pendunt.</strong></span> 
     </span>
     <span class='ocr_line' id='line_1_5' title="bbox 128 463 933 536; baseline 0 -18"><span class='ocrx_word' id='word_1_26' title='bbox 128 463 287 518; x_wconf 86' lang='lat' dir='ltr'><strong>Incredibile</strong></span> <span class='ocrx_word' id='word_1_27' title='bbox 296 472 426 534; x_wconf 87' lang='lat' dir='ltr'><strong>quantum</strong></span> <span class='ocrx_word' id='word_1_28' title='bbox 436 483 466 518; x_wconf 89' lang='lat' dir='ltr'><strong>ea</strong></span> <span class='ocrx_word' id='word_1_29' title='bbox 479 483 519 519; x_wconf 90' lang='lat' dir='ltr'><strong>res</strong></span> <span class='ocrx_word' id='word_1_30' title='bbox 529 465 599 536; x_wconf 90' lang='lat' dir='ltr'><strong>apud</strong></span> <span class='ocrx_word' id='word_1_31' title='bbox 612 483 703 520; x_wconf 88' lang='lat' dir='ltr'><strong>omnes</strong></span> <span class='ocrx_word' id='word_1_32' title='bbox 710 467 825 520; x_wconf 87' lang='lat' dir='ltr'><strong>nationes</strong></span> <span class='ocrx_word' id='word_1_33' title='bbox 833 464 933 535; x_wconf 76' lang='lat' dir='ltr'><strong>Philip</strong></span> 
     </span>
     <span class='ocr_line' id='line_1_6' title="bbox 129 537 1005 611; baseline 0.005 -19"><span class='ocrx_word' id='word_1_34' title='bbox 129 557 164 609; x_wconf 90' lang='lat' dir='ltr'><strong>po</strong></span> <span class='ocrx_word' id='word_1_35' title='bbox 177 538 275 611; x_wconf 87' lang='lat' dir='ltr'><strong>gloriae</strong></span> <span class='ocrx_word' id='word_1_36' title='bbox 288 537 372 592; x_wconf 80' lang='lat' dir='ltr'><strong>dedit:</strong></span> <span class='ocrx_word' id='word_1_37' title='bbox 394 544 468 593; x_wconf 77' lang='lat' dir='ltr'><strong>illum</strong></span> <span class='ocrx_word' id='word_1_38' title='bbox 481 545 608 595; x_wconf 77' lang='lat' dir='ltr'><strong>vindicem</strong></span> <span class='ocrx_word' id='word_1_39' title='bbox 624 545 766 610; x_wconf 72' lang='lat' dir='ltr'><strong>sacrilegii,</strong></span> <span class='ocrx_word' id='word_1_40' title='bbox 778 544 852 593; x_wconf 79' lang='lat' dir='ltr'><strong>illum</strong></span> <span class='ocrx_word' id='word_1_41' title='bbox 863 544 933 594; x_wconf 88' lang='lat' dir='ltr'><strong>ulto·</strong></span> <span class='ocrx_word' id='word_1_42' title='bbox 1004 593 1005 596; x_wconf 76' lang='grc'>,</span> 
     </span>
     <span class='ocr_line' id='line_1_7' title="bbox 129 611 934 683; baseline 0.002 -17"><span class='ocrx_word' id='word_1_43' title='bbox 129 632 185 666; x_wconf 84' lang='lat' dir='ltr'><strong>rem</strong></span> <span class='ocrx_word' id='word_1_44' title='bbox 201 611 370 682; x_wconf 58' lang='lat' dir='ltr'><strong>religiosam</strong></span> <span class='ocrx_word' id='word_1_45' title='bbox 389 620 457 683; x_wconf 84' lang='lat' dir='ltr'><strong>quod</strong></span> <span class='ocrx_word' id='word_1_46' title='bbox 471 619 541 670; x_wconf 81' lang='lat' dir='ltr'><strong>orbis</strong></span> <span class='ocrx_word' id='word_1_47' title='bbox 557 619 657 669; x_wconf 73' lang='lat' dir='ltr'><strong>utribus</strong></span> <span class='ocrx_word' id='word_1_48' title='bbox 671 620 776 682; x_wconf 74' lang='lat' dir='ltr'><strong>expiari</strong></span> <span class='ocrx_word' id='word_1_49' title='bbox 786 619 880 676; x_wconf 80' lang='lat' dir='ltr'><strong>debuit,</strong></span> <span class='ocrx_word' id='word_1_50' title='bbox 891 633 934 668; x_wconf 90' lang='lat' dir='ltr'><strong>so-</strong></span> 
     </span>
     <span class='ocr_line' id='line_1_8' title="bbox 128 691 933 758; baseline 0.002 -18"><span class='ocrx_word' id='word_1_51' title='bbox 128 692 185 740; x_wconf 83' lang='lat' dir='ltr'><strong>tum</strong></span> <span class='ocrx_word' id='word_1_52' title='bbox 207 693 253 756; x_wconf 81' lang='lat' dir='ltr'><strong>qui</strong></span> <span class='ocrx_word' id='word_1_53' title='bbox 269 691 379 755; x_wconf 80' lang='lat' dir='ltr'><strong>piacula</strong></span> <span class='ocrx_word' id='word_1_54' title='bbox 398 695 519 758; x_wconf 70' lang='lat' dir='ltr'><strong>exigeret,</strong></span> <span class='ocrx_word' id='word_1_55' title='bbox 546 695 684 744; x_wconf 71' lang='lat' dir='ltr'><strong>exstitisse.</strong></span> <span class='ocrx_word' id='word_1_56' title='bbox 714 691 826 757; x_wconf 81' lang='lat' dir='ltr'><strong>Dipaum</strong></span> <span class='ocrx_word' id='word_1_57' title='bbox 845 695 933 757; x_wconf 83' lang='lat' dir='ltr'><strong>itaque</strong></span> 
     </span>
     <span class='ocr_line' id='line_1_9' title="bbox 128 767 933 832; baseline 0 -17"><span class='ocrx_word' id='word_1_58' title='bbox 128 767 177 831; x_wconf 86' lang='lat' dir='ltr'><strong>qut</strong></span> <span class='ocrx_word' id='word_1_59' title='bbox 194 767 246 816; x_wconf 81' lang='lat' dir='ltr'><strong>diis</strong></span> <span class='ocrx_word' id='word_1_60' title='bbox 262 768 402 830; x_wconf 74' lang='lat' dir='ltr'><strong>prostatus</strong></span> <span class='ocrx_word' id='word_1_61' title='bbox 418 767 556 827; x_wconf 82' lang='lat' dir='ltr'><strong><em>habeatur,</em></strong></span> <span class='ocrx_word' id='word_1_62' title='bbox 571 782 619 831; x_wconf 83' lang='lat' dir='ltr'><strong>per</strong></span> <span class='ocrx_word' id='word_1_63' title='bbox 633 781 707 832; x_wconf 83' lang='lat' dir='ltr'><strong>quem</strong></span> <span class='ocrx_word' id='word_1_64' title='bbox 728 768 834 816; x_wconf 82' lang='lat' dir='ltr'><strong>deorum</strong></span> <span class='ocrx_word' id='word_1_65' title='bbox 851 768 933 816; x_wconf 74' lang='lat' dir='ltr'><strong>anate-</strong></span> 
     </span>
     <span class='ocr_line' id='line_1_10' title="bbox 125 836 932 900; baseline -0.001 -10"><span class='ocrx_word' id='word_1_66' title='bbox 125 845 185 890; x_wconf 84' lang='lat' dir='ltr'><strong>stus</strong></span> <span class='ocrx_word' id='word_1_67' title='bbox 195 841 330 891; x_wconf 83' lang='lat' dir='ltr'><strong>vindicata</strong></span> <span class='ocrx_word' id='word_1_68' title='bbox 339 843 380 892; x_wconf 84' lang='lat' dir='ltr'><strong>sit.</strong></span> <span class='ocrx_word' id='word_1_69' title='bbox 401 837 451 891; x_wconf 88' lang='lat' dir='ltr'><strong>Sed</strong></span> <span class='ocrx_word' id='word_1_70' title='bbox 462 838 634 892; x_wconf 83' lang='lat' dir='ltr'><strong>Athenienses</strong></span> <span class='ocrx_word' id='word_1_71' title='bbox 649 837 738 891; x_wconf 88' lang='lat' dir='ltr'><strong>audito</strong></span> <span class='ocrx_word' id='word_1_72' title='bbox 751 836 813 889; x_wconf 90' lang='lat' dir='ltr'><strong>belli</strong></span> <span class='ocrx_word' id='word_1_73' title='bbox 827 845 932 900; x_wconf 86' lang='lat' dir='ltr'><strong>eventu,</strong></span> 
     </span>
     <span class='ocr_line' id='line_1_11' title="bbox 130 910 934 984; baseline 0 -20"><span class='ocrx_word' id='word_1_74' title='bbox 130 927 165 964; x_wconf 87' lang='lat' dir='ltr'><strong>ae</strong></span> <span class='ocrx_word' id='word_1_75' title='bbox 176 910 204 964; x_wconf 87' lang='lat' dir='ltr'><strong>in</strong></span> <span class='ocrx_word' id='word_1_76' title='bbox 217 910 353 964; x_wconf 84' lang='lat' dir='ltr'><strong>Graeciam</strong></span> <span class='ocrx_word' id='word_1_77' title='bbox 364 912 502 983; x_wconf 89' lang='lat' dir='ltr'><strong>Philippus</strong></span> <span class='ocrx_word' id='word_1_78' title='bbox 516 913 645 977; x_wconf 82' lang='lat' dir='ltr'><strong>transiret,</strong></span> <span class='ocrx_word' id='word_1_79' title='bbox 658 911 793 984; x_wconf 80' lang='lat' dir='ltr'><strong>angustias</strong></span> <span class='ocrx_word' id='word_1_80' title='bbox 807 911 934 964; x_wconf 86' lang='lat' dir='ltr'><strong>Thermo—</strong></span> 
     </span>
     <span class='ocr_line' id='line_1_12' title="bbox 127 983 932 1056; baseline 0.001 -19"><span class='ocrx_word' id='word_1_81' title='bbox 127 983 255 1056; x_wconf 84' lang='lat' dir='ltr'><strong>pylarum</strong></span> <span class='ocrx_word' id='word_1_82' title='bbox 266 986 439 1056; x_wconf 71' lang='lat' dir='ltr'><strong>perunctione,</strong></span> <span class='ocrx_word' id='word_1_83' title='bbox 452 987 529 1040; x_wconf 88' lang='lat' dir='ltr'><strong>sicuti</strong></span> <span class='ocrx_word' id='word_1_84' title='bbox 542 997 615 1041; x_wconf 89' lang='lat' dir='ltr'><strong>antea</strong></span> <span class='ocrx_word' id='word_1_85' title='bbox 626 986 827 1041; x_wconf 85' lang='lat' dir='ltr'><strong>advenientibus</strong></span> <span class='ocrx_word' id='word_1_86' title='bbox 838 986 932 1048; x_wconf 66' lang='lat' dir='ltr'><strong>Persis</strong></span> 
     </span>
     <span class='ocr_line' id='line_1_13' title="bbox 126 1060 934 1132; baseline 0.002 -20"><span class='ocrx_word' id='word_1_87' title='bbox 126 1075 300 1130; x_wconf 88' lang='lat' dir='ltr'><strong>occupavere,</strong></span> <span class='ocrx_word' id='word_1_88' title='bbox 320 1060 367 1114; x_wconf 89' lang='lat' dir='ltr'><strong>sed</strong></span> <span class='ocrx_word' id='word_1_89' title='bbox 385 1079 554 1132; x_wconf 89' lang='lat' dir='ltr'><strong>nequaquam</strong></span> <span class='ocrx_word' id='word_1_90' title='bbox 563 1061 645 1115; x_wconf 84' lang='lat' dir='ltr'><strong>simili</strong></span> <span class='ocrx_word' id='word_1_91' title='bbox 656 1070 700 1115; x_wconf 88' lang='lat' dir='ltr'><strong>aut</strong></span> <span class='ocrx_word' id='word_1_92' title='bbox 712 1062 805 1116; x_wconf 89' lang='lat' dir='ltr'><strong>virtute</strong></span> <span class='ocrx_word' id='word_1_93' title='bbox 814 1069 859 1114; x_wconf 90' lang='lat' dir='ltr'><strong>aut</strong></span> <span class='ocrx_word' id='word_1_94' title='bbox 871 1078 934 1114; x_wconf 89' lang='lat' dir='ltr'><strong>cau-</strong></span> 
     </span>
     <span class='ocr_line' id='line_1_14' title="bbox 128 1133 934 1206; baseline 0 -18"><span class='ocrx_word' id='word_1_95' title='bbox 128 1151 174 1188; x_wconf 89' lang='lat' dir='ltr'><strong>sa:</strong></span> <span class='ocrx_word' id='word_1_96' title='bbox 196 1133 328 1204; x_wconf 90' lang='lat' dir='ltr'><strong>siquidem</strong></span> <span class='ocrx_word' id='word_1_97' title='bbox 339 1142 401 1188; x_wconf 91' lang='lat' dir='ltr'><strong>tunc</strong></span> <span class='ocrx_word' id='word_1_98' title='bbox 414 1153 460 1206; x_wconf 89' lang='lat' dir='ltr'><strong>pro</strong></span> <span class='ocrx_word' id='word_1_99' title='bbox 474 1136 589 1190; x_wconf 89' lang='lat' dir='ltr'><strong>libertate</strong></span> <span class='ocrx_word' id='word_1_100' title='bbox 599 1136 729 1200; x_wconf 82' lang='lat' dir='ltr'><strong>Graeciae,</strong></span> <span class='ocrx_word' id='word_1_101' title='bbox 745 1153 817 1189; x_wconf 88' lang='lat' dir='ltr'><strong>nunc</strong></span> <span class='ocrx_word' id='word_1_102' title='bbox 829 1152 877 1206; x_wconf 85' lang='lat' dir='ltr'><strong>pro</strong></span> <span class='ocrx_word' id='word_1_103' title='bbox 891 1153 934 1188; x_wconf 85' lang='lat' dir='ltr'><strong>sa-</strong></span> 
     </span>
     <span class='ocr_line' id='line_1_15' title="bbox 127 1208 934 1281; baseline 0 -19"><span class='ocrx_word' id='word_1_104' title='bbox 127 1208 238 1280; x_wconf 85' lang='lat' dir='ltr'><strong>crilegio</strong></span> <span class='ocrx_word' id='word_1_105' title='bbox 251 1208 370 1280; x_wconf 89' lang='lat' dir='ltr'><strong>publico;</strong></span> <span class='ocrx_word' id='word_1_106' title='bbox 393 1217 457 1264; x_wconf 87' lang='lat' dir='ltr'><strong>tuac</strong></span> <span class='ocrx_word' id='word_1_107' title='bbox 470 1229 484 1264; x_wconf 93' lang='lat' dir='ltr'><strong>a</strong></span> <span class='ocrx_word' id='word_1_108' title='bbox 499 1211 588 1281; x_wconf 86' lang='lat' dir='ltr'><strong>rapina</strong></span> <span class='ocrx_word' id='word_1_109' title='bbox 603 1212 718 1264; x_wconf 86' lang='lat' dir='ltr'><strong>hostium</strong></span> <span class='ocrx_word' id='word_1_110' title='bbox 733 1210 829 1281; x_wconf 87' lang='lat' dir='ltr'><strong>templa</strong></span> <span class='ocrx_word' id='word_1_111' title='bbox 845 1211 934 1276; x_wconf 51' lang='lat' dir='ltr'><strong>viridiss</strong></span> 
     </span>
     <span class='ocr_line' id='line_1_16' title="bbox 127 1283 934 1356; baseline 0.002 -21"><span class='ocrx_word' id='word_1_112' title='bbox 127 1283 224 1346; x_wconf 84' lang='lat' dir='ltr'><strong>catari,</strong></span> <span class='ocrx_word' id='word_1_113' title='bbox 241 1301 313 1337; x_wconf 83' lang='lat' dir='ltr'><strong>nrrnc</strong></span> <span class='ocrx_word' id='word_1_114' title='bbox 327 1283 454 1338; x_wconf 88' lang='lat' dir='ltr'><strong>adversus</strong></span> <span class='ocrx_word' id='word_1_115' title='bbox 467 1285 584 1340; x_wconf 86' lang='lat' dir='ltr'><strong>vindices</strong></span> <span class='ocrx_word' id='word_1_116' title='bbox 595 1284 751 1356; x_wconf 86' lang='lat' dir='ltr'><strong>templorum</strong></span> <span class='ocrx_word' id='word_1_117' title='bbox 762 1293 877 1354; x_wconf 79' lang='lat' dir='ltr'><strong>raptores</strong></span> <span class='ocrx_word' id='word_1_118' title='bbox 887 1284 934 1337; x_wconf 89' lang='lat' dir='ltr'><strong>de-</strong></span> 
     </span>
     <span class='ocr_line' id='line_1_17' title="bbox 128 1357 934 1433; baseline -0.002 -21"><span class='ocrx_word' id='word_1_119' title='bbox 128 1357 246 1412; x_wconf 85' lang='lat' dir='ltr'><strong>fensuri:</strong></span> <span class='ocrx_word' id='word_1_120' title='bbox 268 1367 403 1430; x_wconf 83' lang='lat' dir='ltr'><strong>aguntque</strong></span> <span class='ocrx_word' id='word_1_121' title='bbox 420 1369 624 1433; x_wconf 83' lang='lat' dir='ltr'><strong>propugnatores</strong></span> <span class='ocrx_word' id='word_1_122' title='bbox 639 1360 751 1423; x_wconf 88' lang='lat' dir='ltr'><strong>sceleris,</strong></span> <span class='ocrx_word' id='word_1_123' title='bbox 767 1360 843 1412; x_wconf 89' lang='lat' dir='ltr'><strong>cuius</strong></span> <span class='ocrx_word' id='word_1_124' title='bbox 858 1368 934 1428; x_wconf 89' lang='lat' dir='ltr'><strong>turpe</strong></span> 
     </span>
     <span class='ocr_line' id='line_1_18' title="bbox 127 1431 932 1505; baseline -0.002 -18"><span class='ocrx_word' id='word_1_125' title='bbox 127 1440 186 1487; x_wconf 91' lang='lat' dir='ltr'><strong>erat</strong></span> <span class='ocrx_word' id='word_1_126' title='bbox 196 1431 261 1486; x_wconf 88' lang='lat' dir='ltr'><strong>alios</strong></span> <span class='ocrx_word' id='word_1_127' title='bbox 272 1433 389 1488; x_wconf 85' lang='lat' dir='ltr'><strong>vindices</strong></span> <span class='ocrx_word' id='word_1_128' title='bbox 400 1433 495 1489; x_wconf 85' lang='lat' dir='ltr'><strong>luisse:</strong></span> <span class='ocrx_word' id='word_1_129' title='bbox 517 1437 683 1489; x_wconf 86' lang='lat' dir='ltr'><strong>immemores</strong></span> <span class='ocrx_word' id='word_1_130' title='bbox 695 1451 811 1505; x_wconf 69' lang='lat' dir='ltr'><strong>prorsas</strong></span> <span class='ocrx_word' id='word_1_131' title='bbox 824 1433 896 1504; x_wconf 86' lang='lat' dir='ltr'><strong>quod</strong></span> <span class='ocrx_word' id='word_1_132' title='bbox 906 1434 932 1485; x_wconf 88' lang='lat' dir='ltr'><strong>in</strong></span> 
     </span>
     <span class='ocr_line' id='line_1_19' title="bbox 124 1506 933 1564; baseline -0.005 -2"><span class='ocrx_word' id='word_1_133' title='bbox 124 1506 221 1562; x_wconf 88' lang='lat' dir='ltr'><strong>dubiis</strong></span> <span class='ocrx_word' id='word_1_134' title='bbox 236 1507 314 1561; x_wconf 87' lang='lat' dir='ltr'><strong>rebus</strong></span> <span class='ocrx_word' id='word_1_135' title='bbox 322 1509 377 1562; x_wconf 90' lang='lat' dir='ltr'><strong>suis</strong></span> <span class='ocrx_word' id='word_1_136' title='bbox 395 1508 441 1562; x_wconf 90' lang='lat' dir='ltr'><strong>illo</strong></span> <span class='ocrx_word' id='word_1_137' title='bbox 450 1508 498 1562; x_wconf 89' lang='lat' dir='ltr'><strong>deo</strong></span> <span class='ocrx_word' id='word_1_138' title='bbox 508 1511 585 1564; x_wconf 86' lang='lat' dir='ltr'><strong>etiam</strong></span> <span class='ocrx_word' id='word_1_139' title='bbox 596 1508 764 1562; x_wconf 87' lang='lat' dir='ltr'><strong>consiliorum</strong></span> <span class='ocrx_word' id='word_1_140' title='bbox 779 1516 881 1560; x_wconf 88' lang='lat' dir='ltr'><strong>auctore</strong></span> <span class='ocrx_word' id='word_1_141' title='bbox 891 1507 933 1560; x_wconf 86' lang='lat' dir='ltr'><strong>usi</strong></span> 
     </span>
     <span class='ocr_line' id='line_1_20' title="bbox 128 1581 936 1653; baseline -0.005 -16"><span class='ocrx_word' id='word_1_142' title='bbox 128 1582 249 1649; x_wconf 77' lang='lat' dir='ltr'><strong>fuerant3</strong></span> <span class='ocrx_word' id='word_1_143' title='bbox 271 1582 343 1653; x_wconf 92' lang='lat' dir='ltr'><strong>quod</strong></span> <span class='ocrx_word' id='word_1_144' title='bbox 359 1583 404 1638; x_wconf 90' lang='lat' dir='ltr'><strong>illo</strong></span> <span class='ocrx_word' id='word_1_145' title='bbox 419 1583 485 1636; x_wconf 92' lang='lat' dir='ltr'><strong>duce</strong></span> <span class='ocrx_word' id='word_1_146' title='bbox 501 1591 535 1637; x_wconf 89' lang='lat' dir='ltr'><strong>tot</strong></span> <span class='ocrx_word' id='word_1_147' title='bbox 551 1583 617 1636; x_wconf 86' lang='lat' dir='ltr'><strong>bella</strong></span> <span class='ocrx_word' id='word_1_148' title='bbox 634 1583 743 1635; x_wconf 84' lang='lat' dir='ltr'><strong>victores</strong></span> <span class='ocrx_word' id='word_1_149' title='bbox 758 1581 881 1642; x_wconf 85' lang='lat' dir='ltr'><strong>inierant,</strong></span> <span class='ocrx_word' id='word_1_150' title='bbox 899 1589 936 1634; x_wconf 87' lang='lat' dir='ltr'><strong>tot</strong></span> 
     </span>
     <span class='ocr_line' id='line_1_21' title="bbox 129 1655 954 1728; baseline -0.01 -16"><span class='ocrx_word' id='word_1_151' title='bbox 129 1657 212 1712; x_wconf 90' lang='lat' dir='ltr'><strong>urbos</strong></span> <span class='ocrx_word' id='word_1_152' title='bbox 232 1657 366 1728; x_wconf 89' lang='lat' dir='ltr'><strong>auspicato</strong></span> <span class='ocrx_word' id='word_1_153' title='bbox 387 1658 564 1722; x_wconf 85' lang='lat' dir='ltr'><strong>condiderant,</strong></span> <span class='ocrx_word' id='word_1_154' title='bbox 586 1664 689 1710; x_wconf 86' lang='lat' dir='ltr'><strong>tantum</strong></span> <span class='ocrx_word' id='word_1_155' title='bbox 711 1655 854 1725; x_wconf 88' lang='lat' dir='ltr'><strong>imperium</strong></span> <span class='ocrx_word' id='word_1_156' title='bbox 868 1663 954 1708; x_wconf 86' lang='lat' dir='ltr'><strong>terra.</strong></span> 
     </span>
     <span class='ocr_line' id='line_1_22' title="bbox 128 1730 937 1804; baseline -0.005 -18"><span class='ocrx_word' id='word_1_157' title='bbox 128 1731 253 1803; x_wconf 91' lang='lat' dir='ltr'><strong>marique</strong></span> <span class='ocrx_word' id='word_1_158' title='bbox 268 1733 446 1804; x_wconf 74' lang='lat' dir='ltr'><strong>quaesierant3</strong></span> <span class='ocrx_word' id='word_1_159' title='bbox 468 1733 538 1804; x_wconf 92' lang='lat' dir='ltr'><strong>quod</strong></span> <span class='ocrx_word' id='word_1_160' title='bbox 554 1730 620 1786; x_wconf 87' lang='lat' dir='ltr'><strong>nihil</strong></span> <span class='ocrx_word' id='word_1_161' title='bbox 634 1731 691 1785; x_wconf 89' lang='lat' dir='ltr'><strong>sine</strong></span> <span class='ocrx_word' id='word_1_162' title='bbox 702 1731 834 1784; x_wconf 88' lang='lat' dir='ltr'><strong>maiestate</strong></span> <span class='ocrx_word' id='word_1_163' title='bbox 846 1731 937 1784; x_wconf 90' lang='lat' dir='ltr'><strong>numi-</strong></span> 
     </span>
     <span class='ocr_line' id='line_1_23' title="bbox 128 1805 934 1879; baseline -0.002 -18"><span class='ocrx_word' id='word_1_164' title='bbox 128 1807 175 1862; x_wconf 89' lang='lat' dir='ltr'><strong>nis</strong></span> <span class='ocrx_word' id='word_1_165' title='bbox 184 1807 242 1860; x_wconf 90' lang='lat' dir='ltr'><strong>eius</strong></span> <span class='ocrx_word' id='word_1_166' title='bbox 253 1815 299 1860; x_wconf 90' lang='lat' dir='ltr'><strong>aut</strong></span> <span class='ocrx_word' id='word_1_167' title='bbox 308 1807 424 1878; x_wconf 87' lang='lat' dir='ltr'><strong>privatae</strong></span> <span class='ocrx_word' id='word_1_168' title='bbox 433 1825 562 1879; x_wconf 80' lang='lat' dir='ltr'><strong>uinquam</strong></span> <span class='ocrx_word' id='word_1_169' title='bbox 572 1805 784 1877; x_wconf 86' lang='lat' dir='ltr'><strong>autpublicaerei</strong></span> <span class='ocrx_word' id='word_1_170' title='bbox 789 1813 934 1878; x_wconf 89' lang='lat' dir='ltr'><strong>gesserant.</strong></span> 
     </span>
     <span class='ocr_line' id='line_1_24' title="bbox 129 1879 936 1955; baseline -0.002 -20"><span class='ocrx_word' id='word_1_171' title='bbox 129 1883 246 1936; x_wconf 88' lang='lat' dir='ltr'><strong>Tantum</strong></span> <span class='ocrx_word' id='word_1_172' title='bbox 261 1879 363 1935; x_wconf 83' lang='lat' dir='ltr'><strong>lacinus</strong></span> <span class='ocrx_word' id='word_1_173' title='bbox 383 1881 522 1936; x_wconf 89' lang='lat' dir='ltr'><strong>admisisse</strong></span> <span class='ocrx_word' id='word_1_174' title='bbox 540 1882 644 1955; x_wconf 88' lang='lat' dir='ltr'><strong>ingenia</strong></span> <span class='ocrx_word' id='word_1_175' title='bbox 662 1881 735 1935; x_wconf 90' lang='lat' dir='ltr'><strong>omni</strong></span> <span class='ocrx_word' id='word_1_176' title='bbox 754 1879 870 1934; x_wconf 87' lang='lat' dir='ltr'><strong>doctrina</strong></span> <span class='ocrx_word' id='word_1_177' title='bbox 889 1897 936 1933; x_wconf 86' lang='lat' dir='ltr'><strong>ex-</strong></span> 
     </span>
     <span class='ocr_line' id='line_1_25' title="bbox 128 1953 934 2030; baseline -0.004 -20"><span class='ocrx_word' id='word_1_178' title='bbox 128 1955 209 2020; x_wconf 81' lang='lat' dir='ltr'><strong>culta,</strong></span> <span class='ocrx_word' id='word_1_179' title='bbox 229 1955 416 2027; x_wconf 82' lang='lat' dir='ltr'><strong>pulcherrimis</strong></span> <span class='ocrx_word' id='word_1_180' title='bbox 435 1956 537 2030; x_wconf 86' lang='lat' dir='ltr'><strong>legibus</strong></span> <span class='ocrx_word' id='word_1_181' title='bbox 558 1957 738 2027; x_wconf 88' lang='lat' dir='ltr'><strong>institutisque</strong></span> <span class='ocrx_word' id='word_1_182' title='bbox 760 1953 879 2018; x_wconf 81' lang='lat' dir='ltr'><strong>formata,</strong></span> <span class='ocrx_word' id='word_1_183' title='bbox 896 1963 934 2016; x_wconf 91' lang='lat' dir='ltr'><strong>ut,</strong></span> 
     </span>
     <span class='ocr_line' id='line_1_26' title="bbox 124 2029 937 2103; baseline -0.005 -18"><span class='ocrx_word' id='word_1_184' title='bbox 124 2031 198 2103; x_wconf 88' lang='lat' dir='ltr'><strong>quid</strong></span> <span class='ocrx_word' id='word_1_185' title='bbox 214 2030 323 2101; x_wconf 90' lang='lat' dir='ltr'><strong>posthac</strong></span> <span class='ocrx_word' id='word_1_186' title='bbox 337 2047 489 2086; x_wconf 79' lang='lat' dir='ltr'><strong>suscensere</strong></span> <span class='ocrx_word' id='word_1_187' title='bbox 502 2033 559 2085; x_wconf 89' lang='lat' dir='ltr'><strong>iure</strong></span> <span class='ocrx_word' id='word_1_188' title='bbox 568 2031 687 2084; x_wconf 89' lang='lat' dir='ltr'><strong>barbaris</strong></span> <span class='ocrx_word' id='word_1_189' title='bbox 696 2037 811 2100; x_wconf 79' lang='lat' dir='ltr'><strong>possent.</strong></span> <span class='ocrx_word' id='word_1_190' title='bbox 825 2046 877 2082; x_wconf 89' lang='lat' dir='ltr'><strong>non</strong></span> <span class='ocrx_word' id='word_1_191' title='bbox 888 2029 937 2081; x_wconf 89' lang='lat' dir='ltr'><strong>ha-</strong></span> 
     </span>
     <span class='ocr_line' id='line_1_27' title="bbox 128 2105 235 2161; baseline -0.019 -1"><span class='ocrx_word' id='word_1_192' title='bbox 128 2105 235 2161; x_wconf 85' lang='lat' dir='ltr'><strong>hereat!</strong></span> 
     </span>
    </p>

    <p class='ocr_par' dir='ltr' id='par_1_3' title="bbox 79 2175 980 2698">
     <span class='ocr_line' id='line_1_28' title="bbox 186 2175 980 2250; baseline -0.008 -15"><span class='ocrx_word' id='word_1_193' title='bbox 186 2181 255 2236; x_wconf 74' lang='lat' dir='ltr'><strong>Car.</strong></span> <span class='ocrx_word' id='word_1_194' title='bbox 277 2180 322 2234; x_wconf 88' lang='grc' dir='ltr'><strong>ΠΙ.</strong></span> <span class='ocrx_word' id='word_1_195' title='bbox 343 2179 394 2233; x_wconf 89' lang='lat' dir='ltr'><strong>Sed</strong></span> <span class='ocrx_word' id='word_1_196' title='bbox 405 2197 452 2233; x_wconf 88' lang='lat' dir='ltr'><strong>nec</strong></span> <span class='ocrx_word' id='word_1_197' title='bbox 462 2179 600 2250; x_wconf 89' lang='lat' dir='ltr'><strong>Philippus</strong></span> <span class='ocrx_word' id='word_1_198' title='bbox 611 2176 726 2232; x_wconf 86' lang='lat' dir='ltr'><strong>melioris</strong></span> <span class='ocrx_word' id='word_1_199' title='bbox 737 2177 797 2230; x_wconf 85' lang='lat' dir='ltr'><strong>fider</strong></span> <span class='ocrx_word' id='word_1_200' title='bbox 808 2175 934 2230; x_wconf 88' lang='lat' dir='ltr'><strong>adversus</strong></span> <span class='ocrx_word' id='word_1_201' title='bbox 979 2194 980 2198; x_wconf 50' lang='lat'>¹</span> 
     </span>
     <span class='ocr_line' id='line_1_29' title="bbox 125 2251 937 2326; baseline -0.009 -15"><span class='ocrx_word' id='word_1_202' title='bbox 125 2255 214 2311; x_wconf 87' lang='lat' dir='ltr'><strong>socios</strong></span> <span class='ocrx_word' id='word_1_203' title='bbox 229 2253 291 2308; x_wconf 88' lang='lat' dir='ltr'><strong>luit:</strong></span> <span class='ocrx_word' id='word_1_204' title='bbox 313 2254 412 2326; x_wconf 89' lang='lat' dir='ltr'><strong>quippe</strong></span> <span class='ocrx_word' id='word_1_205' title='bbox 424 2254 503 2309; x_wconf 90' lang='lat' dir='ltr'><strong>veluti</strong></span> <span class='ocrx_word' id='word_1_206' title='bbox 516 2255 620 2316; x_wconf 72' lang='lat' dir='ltr'><strong>timens,</strong></span> <span class='ocrx_word' id='word_1_207' title='bbox 636 2270 670 2307; x_wconf 90' lang='lat' dir='ltr'><strong>ne</strong></span> <span class='ocrx_word' id='word_1_208' title='bbox 679 2252 712 2306; x_wconf 87' lang='lat' dir='ltr'><strong>ab</strong></span> <span class='ocrx_word' id='word_1_209' title='bbox 725 2251 845 2305; x_wconf 90' lang='lat' dir='ltr'><strong>hostibus</strong></span> <span class='ocrx_word' id='word_1_210' title='bbox 855 2251 937 2306; x_wconf 86' lang='lat' dir='ltr'><strong>sacri-</strong></span> 
     </span>
     <span class='ocr_line' id='line_1_30' title="bbox 130 2326 936 2403; baseline -0.007 -19"><span class='ocrx_word' id='word_1_211' title='bbox 130 2330 196 2403; x_wconf 86' lang='lat' dir='ltr'><strong>legii</strong></span> <span class='ocrx_word' id='word_1_212' title='bbox 215 2329 312 2384; x_wconf 86' lang='lat' dir='ltr'><strong>scelere</strong></span> <span class='ocrx_word' id='word_1_213' title='bbox 332 2329 487 2392; x_wconf 79' lang='lat' dir='ltr'><strong>vinceretur,</strong></span> <span class='ocrx_word' id='word_1_214' title='bbox 502 2329 627 2392; x_wconf 70' lang='lat' dir='ltr'><strong>civitates</strong></span> <span class='ocrx_word' id='word_1_215' title='bbox 646 2345 761 2400; x_wconf 86' lang='lat' dir='ltr'><strong>quarum</strong></span> <span class='ocrx_word' id='word_1_216' title='bbox 775 2326 865 2398; x_wconf 88' lang='lat' dir='ltr'><strong>paullo</strong></span> <span class='ocrx_word' id='word_1_217' title='bbox 877 2335 936 2381; x_wconf 86' lang='lat' dir='ltr'><strong>ante</strong></span> 
     </span>
     <span class='ocr_line' id='line_1_31' title="bbox 125 2401 936 2475; baseline -0.01 -15"><span class='ocrx_word' id='word_1_218' title='bbox 125 2407 190 2460; x_wconf 85' lang='lat' dir='ltr'><strong>dux</strong></span> <span class='ocrx_word' id='word_1_219' title='bbox 203 2402 382 2475; x_wconf 33' lang='lat' dir='ltr'><strong>lueratgquae</strong></span> <span class='ocrx_word' id='word_1_220' title='bbox 400 2405 451 2457; x_wconf 90' lang='lat' dir='ltr'><strong>sub</strong></span> <span class='ocrx_word' id='word_1_221' title='bbox 465 2404 590 2474; x_wconf 84' lang='lat' dir='ltr'><strong>auspiciis</strong></span> <span class='ocrx_word' id='word_1_222' title='bbox 603 2403 660 2456; x_wconf 88' lang='lat' dir='ltr'><strong>eius</strong></span> <span class='ocrx_word' id='word_1_223' title='bbox 671 2401 855 2465; x_wconf 82' lang='lat' dir='ltr'><strong>militaverant,</strong></span> <span class='ocrx_word' id='word_1_224' title='bbox 868 2417 936 2470; x_wconf 90' lang='lat' dir='ltr'><strong>quae</strong></span> 
     </span>
     <span class='ocr_line' id='line_1_32' title="bbox 127 2476 937 2554; baseline -0.011 -20"><span class='ocrx_word' id='word_1_225' title='bbox 127 2478 277 2554; x_wconf 82' lang='lat' dir='ltr'><strong>gratulatae</strong></span> <span class='ocrx_word' id='word_1_226' title='bbox 291 2477 331 2532; x_wconf 92' lang='lat' dir='ltr'><strong>illi</strong></span> <span class='ocrx_word' id='word_1_227' title='bbox 341 2478 447 2549; x_wconf 90' lang='lat' dir='ltr'><strong>sibique</strong></span> <span class='ocrx_word' id='word_1_228' title='bbox 456 2478 590 2532; x_wconf 83' lang='lat' dir='ltr'><strong>victoriam</strong></span> <span class='ocrx_word' id='word_1_229' title='bbox 600 2476 711 2540; x_wconf 85' lang='lat' dir='ltr'><strong>lucrant,</strong></span> <span class='ocrx_word' id='word_1_230' title='bbox 723 2477 850 2530; x_wconf 85' lang='lat' dir='ltr'><strong>hostiliter</strong></span> <span class='ocrx_word' id='word_1_231' title='bbox 859 2489 937 2528; x_wconf 89' lang='lat' dir='ltr'><strong>occu-</strong></span> 
     </span>
     <span class='ocr_line' id='line_1_33' title="bbox 79 2548 938 2628; baseline -0.014 -19"><span class='ocrx_word' id='word_1_232' title='bbox 79 2563 84 2566; x_wconf 82' lang='lat'>&#39;</span> <span class='ocrx_word' id='word_1_233' title='bbox 128 2561 206 2628; x_wconf 83' lang='lat' dir='ltr'><strong>patos</strong></span> <span class='ocrx_word' id='word_1_234' title='bbox 220 2553 345 2624; x_wconf 86' lang='lat' dir='ltr'><strong>diripuit;</strong></span> <span class='ocrx_word' id='word_1_235' title='bbox 366 2553 491 2626; x_wconf 86' lang='lat' dir='ltr'><strong>coniuges</strong></span> <span class='ocrx_word' id='word_1_236' title='bbox 506 2551 654 2622; x_wconf 88' lang='lat' dir='ltr'><strong>liberosque</strong></span> <span class='ocrx_word' id='word_1_237' title='bbox 668 2551 788 2604; x_wconf 89' lang='lat' dir='ltr'><strong>omnium</strong></span> <span class='ocrx_word' id='word_1_238' title='bbox 804 2548 938 2605; x_wconf 81' lang='lat' dir='ltr'><strong>subcoro-</strong></span> 
     </span>
     <span class='ocr_line' id='line_1_34' title="bbox 127 2619 938 2698; baseline -0.02 -13"><span class='ocrx_word' id='word_1_239' title='bbox 127 2649 167 2684; x_wconf 82' lang='lat' dir='ltr'><strong>na</strong></span> <span class='ocrx_word' id='word_1_240' title='bbox 186 2628 318 2698; x_wconf 85' lang='lat' dir='ltr'><strong>vendidit;</strong></span> <span class='ocrx_word' id='word_1_241' title='bbox 341 2645 394 2682; x_wconf 88' lang='lat' dir='ltr'><strong>non</strong></span> <span class='ocrx_word' id='word_1_242' title='bbox 417 2628 525 2682; x_wconf 90' lang='lat' dir='ltr'><strong>deorum</strong></span> <span class='ocrx_word' id='word_1_243' title='bbox 547 2624 735 2680; x_wconf 86' lang='lat' dir='ltr'><strong>immortalium</strong></span> <span class='ocrx_word' id='word_1_244' title='bbox 752 2619 866 2689; x_wconf 85' lang='lat' dir='ltr'><strong>templis,</strong></span> <span class='ocrx_word' id='word_1_245' title='bbox 882 2633 938 2670; x_wconf 88' lang='lat' dir='ltr'><strong>non</strong></span> 
     </span>
    </p>
   </div>
   <div class='ocr_carea' id='block_1_3' title="bbox 0 0 1016 3000">
    <p class='ocr_par' dir='ltr' id='par_1_4' title="bbox 0 0 1016 3000">
     <span class='ocr_line' id='line_1_35' title="bbox 0 0 1016 3000; baseline 0 0"><span class='ocrx_word' id='word_1_246' title='bbox 0 0 1016 3000; x_wconf 95' lang='lat' dir='ltr'><strong> </strong></span> 
     </span>
    </p>
   </div>
  </div>
 </body>
</html>
