2014 3000
382 177 452 222 LIB.
473 179 492 222 I.
526 178 606 223 cAP.
628 178 653 224 8.
885 171 903 223 9

98 292 170 330 arma
185 283 211 327 et
219 275 282 345 equi
293 275 397 341 ademti,
415 276 534 348 iussique
547 295 687 348 cauponas,
700 285 724 330 et
734 275 849 329 ludicras
859 293 902 330 ar-

98 357 145 413 tes,
160 356 186 402 et
199 347 327 404 lenocinia
340 367 467 404 exercere.
496 353 529 404 Et
541 351 579 404 sic
587 369 662 424 gens,
675 350 803 404 industria
815 367 901 421 quon-

98 423 159 478 dam
199 431 305 494 potens,
330 431 355 478 et
373 443 455 479 manu
475 433 594 490 strenua,
614 426 759 480 effeminata
780 423 899 485 mollitie,

98 497 268 570 luxuriaque,
285 499 409 554 virtutem
422 499 558 571 pristinam
574 500 701 571 perdidit:
722 509 748 553 et
761 516 828 571 quos
842 507 904 553 ante

98 572 200 644 Cyrum
215 573 327 628 invictos
341 572 409 628 bella
423 575 610 644 praestiterant,
626 575 653 628 in
669 573 802 628 luxuriam
813 573 903 644 lapsos

98 647 180 700 otium
201 662 232 699 ac
253 647 353 702 desidia
372 649 516 720 superavit.
546 645 630 702 Fuere
648 649 730 721 Lydis
750 648 828 701 multi
842 655 904 701 ante

98 720 225 775 Croesum
235 739 319 794 reges,
335 723 416 776 variis
428 723 533 776 casibus
543 721 739 789 memorabiles3
762 721 853 775 nullus
864 731 903 776 ta-

98 812 159 848 men
184 794 304 850 fortunae
328 789 456 851 Can'dauli
481 796 683 867 comparandus.
714 796 761 848 llic
780 813 901 860 uxorem,

97 886 180 940 quam
190 877 295 940 propter
304 869 402 924 formae
411 870 636 942 pulchritudinem
646 870 788 941 deperibat,
798 869 905 941 praedi·
998 929 999 932 ,

96 960 155 997 care
165 944 291 998 omnibus
301 945 407 1009 solebat,
415 963 467 1000 non
477 953 613 1000 contentus
619 945 783 1016 voluptatum
792 961 902 998 suarum

96 1017 174 1072 tacita
185 1019 351 1084 conscientia,
359 1020 410 1073 nisi
420 1021 498 1074 etiam
508 1021 669 1075 matrimonii
679 1019 807 1074 reticenda
812 1019 903 1092 publi-

97 1100 180 1146 caret:
202 1110 311 1163 prorsus
322 1095 399 1165 quasi
412 1094 547 1148 silentium
556 1095 685 1149 damnum
695 1093 906 1166 pulchritudinis
998 1117 999 1120 ¹

22 1225 29 1242 ·
97 1175 174 1220 esset.
195 1167 237 1220 Ad
248 1175 409 1238 postremum
419 1177 448 1222 ut
458 1167 624 1223 affirmationi
634 1187 697 1223 suae
706 1169 785 1223 fidem
798 1168 901 1232 laceret,

98 1241 199 1294 nudam
209 1241 296 1296 sodali
306 1260 354 1297 suo
362 1242 436 1316 vGygi
446 1243 568 1298 ostendit.
598 1243 656 1310 Quo
665 1244 739 1308 facto,
752 1251 777 1297 et
786 1244 902 1298 amicum

97 1317 126 1369 in
140 1314 300 1370 adulterium
316 1317 407 1371 uxoris
418 1317 594 1382 sollicitatum,
611 1319 712 1372 hostem
722 1319 773 1372 sibi
784 1317 857 1371 lecit:
878 1325 907 1370 et

97 1407 220 1454 uxorem,
237 1390 319 1446 veluti
330 1391 423 1446 tradito
437 1391 480 1446 alii
492 1410 588 1458 amore,
605 1411 657 1446 ase
667 1392 800 1447 alienavit.
821 1393 905 1445 Nam-

96 1481 152 1536 que
175 1465 250 1519 brevi
274 1474 333 1536 post
351 1475 467 1537 tempore
486 1467 577 1522 caedes
597 1467 727 1522 Candauli
749 1466 904 1536 nuptiarum

95 1539 247 1610 praemium
258 1539 321 1608 luit3
332 1547 357 1594 et
369 1557 436 1595 uxor
445 1541 533 1595 mariti
544 1541 674 1612 sanguine
684 1541 779 1603 dotata,
791 1557 904 1612 regnum

99 1614 149 1669 viri
159 1621 185 1668 et
194 1631 223 1668 se
231 1615 328 1686 pariter
339 1614 456 1669 adultero
466 1614 578 1668 tradidit.

153 1689 222 1744 Car.
244 1689 311 1760 Vlll.
333 1689 429 1762 Cyrus,
440 1687 624 1752 subactaAsia,
637 1687 906 1744 etuniversoOriente

9 1769 13 1776 '
97 1763 125 1817 in
140 1769 295 1834 potestatem
310 1764 427 1829 redacto,
447 1763 552 1837 Scythis
566 1762 667 1818 bellum
681 1761 768 1816 infert.
798 1763 861 1818 Erat
875 1781 917 1816 ei»

97 1846 215 1909 tempore
229 1837 389 1911 Scytharum
406 1839 496 1912 regina
511 1838 641 1911 Tomyris,
659 1855 727 1909 quae
741 1855 793 1891 non
810 1837 907 1891 mulie-

96 1913 179 1966 briter
188 1911 427 1967 adventulrostium
439 1913 533 1977 territa,
541 1931 627 1986 quum
637 1913 775 1984 probibere
784 1928 827 1965 eos
833 1920 905 1965 tran·
958 1927 963 1936 ·

97 1986 151 2041 situ
162 1987 259 2042 Araxis
269 1987 388 2042 lluminis
398 1995 493 2058 posset,
507 1989 618 2042 transire
630 1986 757 2058 permisit,
770 1993 794 2039 et
804 1986 855 2040 sibi
868 1985 907 2040 sa-

96 2061 217 2116 ciliorem
227 2079 347 2134 pugnam
358 2063 425 2116 intra
435 2063 511 2136 regni
520 2064 561 2116 sui
573 2063 697 2116 terminos
708 2067 771 2124 rata,
787 2068 812 2114 et
824 2061 908 2114 hosti-

95 2137 149 2190 bus
160 2137 264 2190 obiectu
279 2135 398 2190 fluminis
408 2136 499 2210 lugam
509 2137 692 2191 difficiliorem.
717 2137 808 2204 ltaque
818 2135 909 2207 Cyrus

95 2212 212 2266 traiectis
227 2211 325 2282 copiiS,
348 2229 434 2282 quum
449 2211 638 2283 aliquantisper
652 2211 680 2264 in
696 2209 831 2282 Scythiam
846 2226 907 2280 pro·

95 2287 229 2351 cessisset,
246 2293 441 2340 castrametatus
456 2294 503 2340 est.
531 2286 596 2339 Dein
607 2292 708 2356 postera
719 2283 770 2347 die,
783 2283 909 2338 simulato

95 2361 268 2432 metu,quasi
282 2359 415 2433 refugiens
426 2359 507 2420 castra
516 2359 682 2422 deseruisset,
696 2359 731 2412 ita
741 2359 798 2412 vini
809 2359 905 2412 allatim
926 2418 929 2424 ¹

94 2443 120 2489 et
131 2453 249 2507 eaquae
258 2433 345 2504 epulis
355 2443 428 2488 erant
439 2433 714 2505 necessariareliquit.
735 2432 811 2499 Quod
821 2450 907 2503 quum

94 2511 254 2565 nuntiatum
264 2509 371 2582 reginae
379 2517 454 2572 esset,
462 2507 685 2582 adolescentulum
697 2507 783 2561 lilium
794 2507 827 2560 ad
838 2507 910 2558 inse-

94 2585 239 2656 quendum
250 2601 313 2638 eum
323 2600 385 2638 oum
395 2585 467 2638 tertia
479 2592 551 2651 parte
562 2585 697 2654 copiarum
708 2581 797 2634 mittit.
818 2578 909 2640 Quum

94 2668 210 2715 ventum
226 2659 261 2715 ad
276 2657 340 2733 Cyri
355 2665 437 2714 castra
452 2666 527 2722 esset,
545 2658 654 2731 ignarus
668 2656 706 2710 rei
715 2649 836 2709 militaris
847 2647 909 2699 ado-
