2014 3000
105 161 137 210 48
340 163 492 210 rusrrur
509 146 665 210 Hrsron.

103 272 223 330 sumunt,
236 265 354 336 finesque
363 281 435 328 suos,
447 263 633 318 submoventes
643 262 743 334 primo,
754 279 817 316 mox
827 263 910 318 etiam

104 339 243 394 inserentes
254 338 332 404 bella,
343 337 494 393 defendunt.
523 337 648 391 Nubendi
662 353 770 408 quoqne
784 335 913 403 finitimis

104 414 223 468 animum
233 414 356 472 omisere:
368 413 530 476 servitutem,
537 429 590 466 non
601 412 808 477 matrimonium,
816 412 909 482 appel-

104 488 197 542 lantes.
213 487 352 560 Singulare
362 487 483 542 omnium
493 485 643 540 seculorum
652 485 804 558 exemplum
814 504 906 552 ausae,
998 511 999 588 p

103 579 200 616 auxere
213 579 269 616 rem
283 562 418 633 publicam
432 562 491 615 sine
505 561 583 618 viris:
610 561 663 614 iam
677 561 756 615 etiarn
770 577 832 614 cum
842 576 908 616 oon-

103 643 185 690 temtu
208 637 324 692 virorum
339 654 367 690 se
386 644 501 690 tuentur.
531 636 565 689 Et
583 652 616 688 ne
628 634 755 689 feliciores
770 634 835 702 aliae
846 635 909 689 aliis

104 711 268 780 viderentur3
290 713 370 776 viros,
386 711 434 783 qui
447 709 519 764 domi
532 717 718 774 remanserant,
732 709 904 764 interficiunt.

105 785 234 841 Ultionem
244 804 351 858 quoque
361 801 495 856 caesorum
505 783 767 856 coniugum,excidio
778 784 908 838 finitimo·

103 878 164 914 rum
175 869 380 932 consequuntur.
394 861 462 914 Tum
474 876 537 930 pace
546 859 627 913 armis
637 859 764 930 quaesita,
776 875 809 912 ne
817 875 909 931 genus

103 935 227 998 interiret,
234 935 403 988 concubitum
414 933 587 988 finitimorum
598 933 700 988 ineunt.
720 933 748 988 si
759 933 807 1005 qui
817 951 906 987 mares

102 1016 279 1072 nascerentur,
296 1007 493 1062 interficiebant.
526 1007 646 1080 Virgines
660 1008 688 1061 in
705 1008 818 1062 eundem
837 1007 908 1078 ipsis

103 1100 213 1146 morem,
223 1099 275 1136 non
285 1082 337 1136 otio
347 1099 432 1154 neque
442 1081 564 1146 lanificio,
572 1081 617 1136 sed
628 1081 718 1146 armis,
730 1082 815 1153 equis,
823 1099 908 1136 vena·

103 1157 220 1211 tionibus
244 1157 410 1221 exercebant,
436 1157 532 1210 inustis
556 1155 688 1211 inlautum
711 1155 906 1211 dexterioribus

103 1231 237 1295 mammis,
245 1249 278 1286 ne
287 1231 442 1304 sagittarum
453 1231 535 1285 iactus
545 1230 729 1300 impediretur:
741 1230 813 1284 unde
822 1229 906 1285 Ama-

103 1322 182 1359 zones
195 1305 278 1360 dictae
287 1313 359 1360 sunt.
388 1306 459 1359 Duae
473 1305 515 1358 his
529 1305 635 1380 reginae
643 1303 724 1368 luere,
739 1305 869 1376 Marpesia
878 1313 905 1360 et

101 1379 244 1451 Lampedo‚
261 1397 329 1451 quae
342 1381 370 1434 in
386 1379 452 1433 duas
467 1386 553 1451 partes
563 1379 669 1452 agmine
681 1379 776 1443 diviso,
789 1379 906 1452 inclytae

102 1454 156 1508 iam
165 1455 269 1525 opibus,
277 1455 381 1509 vicibus
390 1454 514 1527 gerebant
522 1453 601 1519 bella,
612 1453 681 1508 solae
691 1455 816 1508 terminos
825 1454 906 1510 alter-

102 1529 145 1582 nis
159 1528 338 1584 defendentes:
368 1537 393 1582 et
407 1547 439 1582 ne
456 1528 621 1584 successibus
635 1527 735 1582 deesset
752 1530 902 1594 auctoritas,

101 1604 204 1676 genitas
222 1622 251 1658 se
269 1605 349 1658 Marte
368 1603 561 1674 praedicabant.
600 1605 691 1674 ltaque
712 1604 810 1658 maiore
830 1613 906 1676 parte

102 1677 222 1748 Europae
236 1678 352 1742 subacta,
370 1677 447 1732 Asiae
460 1695 567 1749 quoque
578 1677 719 1732 nonnullas
731 1678 849 1733 civitates
859 1696 903 1733 oc-

102 1767 240 1822 cupavere.
270 1752 311 1805 lbi
320 1751 425 1822 Epheso
434 1752 579 1824 multisque
588 1751 647 1806 aliis
658 1752 770 1806 urbibus
779 1753 902 1820 conditis,

100 1833 201 1896 partem
210 1826 340 1880 exercitus
348 1843 410 1880 cum
420 1826 520 1898 ingenti
531 1826 626 1897 praeda
635 1827 745 1881 domum
754 1827 901 1883 dimittunt.

101 1899 235 1972 Reliquae,
252 1917 321 1972 quae
335 1901 369 1954 ad
383 1901 512 1956 tuendum
525 1901 603 1956 Asiae
617 1901 758 1973 imperium
769 1920 903 1957 remanse-

100 1983 173 2040 rant,
211 1992 341 2030 concursu
373 1975 546 2030 barbarorum
582 1993 644 2030 cum
673 1977 801 2047 Marpesia
831 1979 903 2050 regi-

100 2069 136 2106 na
155 2049 357 2105 interficiuntur.
390 2051 421 2105 In
441 2051 523 2106 huius
541 2050 629 2105 locum
650 2051 704 2104 filia
718 2052 776 2105 eius
790 2051 904 2126 Orithya

101 2143 182 2199 regno
191 2125 319 2180 succedit:
334 2125 386 2190 cui,
398 2133 499 2197 praeter
508 2125 670 2199 singularem
680 2124 743 2180 belli
753 2126 900 2192 scientiam,

100 2201 198 2255 eximia
212 2207 329 2255 servatae
341 2201 370 2254 in
385 2217 463 2254 omne
481 2218 576 2255 aevum
592 2200 749 2272 virginitatis
763 2200 906 2258 admiratio

100 2271 160 2328 fuit.
194 2276 280 2330 Huius
299 2275 396 2330 virtute
414 2282 516 2330 tantum
531 2274 651 2330 additum
664 2274 762 2346 gloriae
778 2273 904 2331 etiamne

100 2347 265 2403 Amazonum
274 2356 321 2414 est,
329 2358 359 2403 ut
364 2349 467 2404 Herculi
478 2367 533 2414 rex,
540 2349 583 2404 oui
594 2367 628 2402 xn
639 2349 768 2420 stipendia
778 2349 902 2416 debebat,

100 2422 177 2488 qnasi
188 2422 359 2490 impossibile,
372 2425 546 2494 imperaverit,
559 2431 589 2478 ut
598 2441 670 2477 arma
681 2423 908 2496 reginaeaimazo-

100 2509 167 2574 num
186 2495 238 2547 sibi
260 2495 369 2550 afferret.
399 2499 438 2553 Εο
458 2497 538 2569 igitur
556 2497 686 2569 proiectus
701 2497 787 2571 longis
804 2517 906 2555 novem
998 2519 999 2592 p

100 2565 227 2643 napibus,
243 2568 381 2623 comitante
397 2572 547 2641 principum
560 2572 683 2627 Graeciae
699 2572 845 2640 iuventute,
860 2575 907 2630 in·
998 2595 999 2604 ¹

98 2643 235 2700 opinantes
256 2642 417 2710 aggreditur.
453 2647 525 2700 Duae
546 2654 604 2701 turn
620 2664 720 2703 sorores
735 2647 907 2706 Amazonum
