1998 3006
113 133 162 187 tto
250 119 251 124 ’
350 135 501 181 ruerant
519 133 677 179 naseos.

111 239 163 292 sub
174 236 316 290 adfinitatis
325 236 432 289 obtentu
443 251 534 305 capere
544 235 673 304 cupiebat.
702 234 793 304 ltaque
804 233 881 307 fingit
890 254 919 290 se

112 313 139 366 in
162 311 359 366 matrimonium
376 310 457 364 liliam
471 310 529 363 eius
544 319 638 380 petere,
654 325 707 379 quo
723 307 827 362 facilius
841 311 919 364 abeo

111 385 326 458 supplementum
339 381 453 440 tironum
465 402 497 438 ex
508 384 656 438 Macedonia
667 383 803 438 obtineret.
833 385 917 450 Quem

111 460 202 515 dolum
219 462 407 532 praesentiente
424 460 569 530 Antipatro,
586 459 651 512 dum
666 459 733 512 duas
746 458 838 512 eodem
854 468 919 514 tem-

111 537 392 607 poreuxoresquaerit,
402 535 651 589 neutramobtinuit.
672 535 732 588 Post
743 534 807 588 haec
818 534 917 589 bellum

112 610 634 684 interAntigonumetPerdiccamoritur.
657 608 789 682 Antigono
799 609 918 665 Crateros

111 685 277 758 etAntipater
287 687 418 741 auxilium
431 685 558 753 serebant3
571 685 618 756 qui
631 684 694 738 lacta
706 685 918 740 cumAthenien-

95 813 98 820 ,
111 763 187 816 sibus
201 781 264 835 pace
274 763 478 836 Polyperchonta
489 760 611 815 Graeciae
624 767 649 813 et
663 759 830 814 Macedoniae
843 778 919 832 prae-
981 787 982 818 3

111 847 224 908 ponunt.
256 839 375 892 Perdicca
391 837 510 892 alienatis
524 835 602 889 rebus
613 834 754 888 Aridaeum
769 843 794 888 et
804 835 919 891 Alexan·
981 859 982 906 ᾗ

112 913 153 966 dri
164 913 252 986 Magni
266 912 351 966 filium
362 913 389 966 in
401 911 573 982 Cappadocia,
589 927 704 981 quorum
715 927 776 964 cura
792 910 831 964 illi
843 929 919 966 man·
981 907 982 944 ³

112 987 170 1042 data
181 987 272 1050 luerat,
285 987 317 1041 de
327 1005 431 1040 summa
444 985 503 1039 belli
516 987 542 1040 in
554 985 693 1039 consilium
705 985 822 1040 adhibet.
853 986 920 1053 Qui-

111 1061 225 1115 busdam
241 1061 358 1132 placebat
371 1061 471 1115 bellum
487 1062 513 1114 in
529 1060 707 1115 Macedoniam
724 1059 868 1126 transferri,
885 1063 920 1118 ad

112 1137 200 1206 ipsum
223 1135 319 1189 iontem
340 1144 364 1189 et
383 1144 460 1206 caput
480 1135 564 1208 regni,
588 1136 633 1190 ubi
651 1135 825 1208 et01ympias
840 1146 917 1203 esset,

112 1218 195 1264 mater
205 1210 357 1271 Alexandri,
375 1229 427 1264 non
440 1210 569 1264 mediocre
580 1219 742 1264 momentum
755 1212 881 1282 partium,
895 1221 920 1267 et
981 1241 982 1244 ¹

111 1285 211 1339 civium
233 1285 305 1340 lavor
325 1295 428 1357 propter
448 1285 591 1340 Alexandri
610 1285 779 1357 Philippique
794 1289 917 1343 nomina:

111 1360 158 1414 sed
169 1378 195 1414 m
207 1379 261 1414 rem
271 1362 359 1414 visum
370 1371 408 1415 est
418 1360 577 1434 abAegypto
587 1361 709 1432 incipere,
717 1379 749 1414 ne
760 1361 787 1415 in
799 1363 922 1418 Macedo-

111 1435 184 1490 niem
200 1435 320 1508 proiectis
331 1437 416 1491 Asiaa
431 1436 577 1490 Ptolemaeo
589 1443 769 1507 occuparetur.
802 1439 921 1493 Eumeni
981 1441 982 1446 ’

110 1521 211 1583 praeter
223 1513 379 1584 provincias,
391 1531 458 1584 quas
469 1520 608 1582 acceperat,
621 1510 798 1584 Paphlagonia
808 1521 833 1566 et
843 1513 920 1568 Caria

113 1589 144 1641 et'
153 1588 233 1661 Lycia
249 1599 274 1642 et
286 1588 399 1661 Phrygia
410 1588 581 1641 adiiciuntur.
612 1586 651 1640 lbi
662 1586 797 1641 Craterum
807 1595 833 1642 et
843 1589 922 1643 Anti-

111 1671 217 1732 patrum
228 1663 341 1733 opperiri
353 1663 469 1718 iubetur:
488 1662 619 1716 adiutores
630 1662 652 1715 ei
664 1661 761 1715 dantur
770 1679 833 1716 cum
844 1681 923 1718 exer-

111 1737 208 1790 citibus
228 1736 305 1790 frater
325 1738 459 1792 Perdiccae
473 1737 574 1792 Alcetas
589 1744 614 1790 et
629 1736 827 1808 Neoptolemum
852 1738 923 1794 Clito

111 1829 174 1864 cura
187 1811 278 1864 classis
289 1811 412 1878 traditur}
430 1812 520 1868 Cilicia
532 1811 647 1868 Philotae
658 1812 761 1866 ademta
772 1812 924 1869 Philoxeno

111 1887 202 1954 datur;
234 1886 290 1956 ipse
310 1886 430 1940 Perdicca
444 1888 594 1960 Aegyptum
608 1905 669 1940 eum
687 1887 786 1961 ingenti
802 1889 923 1944 exercitu

110 1961 181 2032 petit.
212 1960 255 2014 Sic
265 1961 414 2015 Macedonia
429 1961 455 2015 in
471 1962 538 2016 duas
548 1969 634 2032 partes
647 1962 860 2018 discurrentibus
870 1964 923 2018 du-

110 2037 186 2091 cibus
197 2036 222 2090 itt
235 2055 282 2091 sua
293 2037 391 2091 viscera
403 2045 528 2102 armatur,
539 2036 693 2108 ferrumque
702 2039 735 2091 ab
746 2038 836 2092 hostili
851 2039 925 2094 bello

110 2113 138 2167 in
150 2111 256 2167 civilem
265 2113 423 2187 sanguinem
434 2113 518 2178 vertit,
533 2111 653 2183 exemplo
663 2111 807 2167 furentium
821 2132 927 2170 manus

110 2205 141 2242 ac
151 2189 270 2243 membra
280 2207 328 2243 sua
340 2187 395 2260 ipsa
406 2205 520 2242 caesura.
551 2187 601 2242 Sed
612 2187 775 2242 Ptolemaeus
786 2189 813 2242 in
828 2192 927 2264 Aegy-

109 2271 154 2332 pto
167 2262 264 2317 sollerti
285 2263 413 2317 industria
428 2280 539 2335 magnas
556 2280 618 2334 opes
632 2263 753 2333 parabat:
779 2264 886 2335 quippe
900 2273 927 2319 et

109 2335 255 2407 Aegyptios
271 2339 370 2410 insigni
386 2337 561 2392 moderatione
571 2339 598 2392 in
611 2337 726 2392 favorem
740 2339 781 2392 sui
793 2337 928 2394 sollicita·
981 2353 982 2368 ¹

109 2417 191 2471 verat,
207 2419 232 2462 et
245 2429 319 2482 reges
336 2413 462 2467 linitimos
478 2413 610 2466 beneficiis
623 2412 814 2486 obsequiisque
823 2414 929 2469 devin·
981 2431 982 2456 t

109 2489 195 2544 xerat;
218 2485 343 2538 terminos
357 2503 465 2557 quoque
478 2488 582 2558 imperii
596 2487 727 2558 adquisita
739 2489 844 2563 Cyrene
855 2491 929 2544 urbe

108 2554 289 2620 ampliaverat,
307 2557 444 2630 laetusque
458 2562 510 2614 iam
527 2570 615 2615 tantus
631 2571 694 2626 erat,
711 2573 740 2617 ut
755 2573 879 2620 nontam
892 2566 929 2620 ri·
981 2565 982 2588 l

107 2634 191 2678 meret
200 2628 296 2692 hostes,
309 2649 391 2700 quam
403 2635 536 2688 timendus
547 2637 603 2706 ipse
613 2637 734 2692 hostibus
744 2647 822 2694 esset.
