2014 3000
106 197 140 247 ·l0
342 202 490 246 IUSTINI
512 202 667 247 HISTOR.

106 299 220 363 lemene,
243 299 324 354 veluti
343 300 376 354 ad
395 298 499 370 epulas,
521 317 573 354 non
589 299 622 355 ad
636 300 765 372 proelium
784 299 906 365 venisset,

105 375 213 430 omissis
228 373 357 438 hostibus,
373 375 489 429 insuetos
502 375 627 430 barbaros
636 376 699 430 vino
708 391 851 430 seoncrare
861 391 908 445 pa·

106 450 184 516 titur;
198 448 326 519 priusque
336 449 447 522 Scythae
457 449 906 522 ebrietate,quambellovioeuntur.

107 524 174 576 Nam
190 523 301 595 cognitis
316 524 367 588 bis,
384 523 471 596 Cyrus
484 542 604 578 reversus
617 542 664 596 per
678 532 788 588 noctem,
804 523 908 576 saucios

104 597 241 668 opprimit,
256 615 401 669 omnesque
414 597 524 672 Scythas
539 616 600 652 oum
615 599 720 670 reginae
735 597 789 652 filio
804 595 909 651 interfe-

105 673 149 747 cit,
180 670 286 726 Amisso
300 680 371 727 tanto
384 673 513 738 exercitu,
533 681 570 737 et,
590 673 663 744 quod
675 673 784 745 gravius
799 670 905 736 doleret,

107 747 187 801 unico
201 746 264 811 filio,
283 747 404 820 Tomyris
420 747 537 802 orbitatis
552 747 665 801 dolorem
681 764 734 801 non
747 746 775 800 in
786 745 908 800 lacrimas

105 820 207 884 elludit,
220 822 303 876 sedin
313 822 421 877 ultiouis
432 821 522 876 solatia
533 821 656 889 intendit;
668 821 809 892 hostesque
819 837 909 874 recen-

108 896 129 948 ti
147 897 255 951 victoria
269 896 428 950 exsultantes
445 896 502 966 pari
516 895 675 950 insidiarum
690 895 781 950 fraude
794 895 910 948 circum·

109 971 191 1024 venit.
222 971 325 1041 Quippe
339 968 460 1024 simulata
475 969 620 1024 diffidentia
634 978 738 1041 propter
753 968 853 1025 vulnus
866 986 909 1023 ac-

106 1043 370 1116 ceptum,reiugiens‚
378 1044 477 1117 Cyrum
490 1044 524 1099 ad
533 1046 668 1117 augustias
678 1061 764 1116 usque
773 1043 907 1115 perduxit.

108 1119 148 1172 lbi
158 1119 307 1188 compositis
318 1119 345 1172 in
359 1119 493 1172 montibus
503 1119 617 1184 insidiis,
634 1119 743 1174 ducenta
755 1117 837 1172 millia
848 1119 910 1172 Per·
1001 1181 1002 1184 Ἴ

106 1210 200 1246 sarum
215 1209 277 1246 cum
291 1193 349 1263 ipso
359 1210 419 1266 rega
428 1194 577 1248 trucidavit.
607 1196 637 1248 ln
650 1212 703 1266 qua
713 1193 819 1248 victoria
829 1192 908 1246 etiam

109 1267 177 1321 illud
190 1267 358 1322 memorabile
373 1267 430 1333 luit,
447 1268 519 1339 quod
533 1286 566 1322 ne
579 1268 690 1322 nuntius
704 1267 813 1339 quidem
823 1274 910 1320 tautae

106 1341 190 1395 cladis
200 1341 337 1413 superfuit.
362 1342 447 1413 Caput
456 1342 519 1416 Cyri
530 1351 703 1413 amputatum,
718 1343 746 1396 iu
758 1349 844 1396 utrem
857 1341 910 1394 bu·

109 1433 187 1470 mano
201 1417 331 1489 sanguine
345 1417 472 1487 repletum
484 1417 576 1472 ooniici
591 1418 680 1490 regina
691 1417 772 1481 iubet,
788 1433 848 1470 oum
860 1415 911 1469 hac

106 1491 307 1562 exprobratione
320 1491 493 1546 crudelitatis:
514 1492 590 1547 Satio
605 1501 640 1554 te,
656 1491 757 1563 inquit,
773 1496 908 1560 sanquine,

107 1583 184 1635 quem
196 1571 283 1630 sitisti,
300 1572 423 1636 cuiusque
435 1570 593 1621 insatiabilis
602 1584 700 1634 semper
709 1570 793 1635 suisti.
823 1565 910 1637 Cyrus

109 1642 229 1712 regnavit
242 1658 325 1695 annos
339 1661 394 1706 m,
411 1658 463 1695 non
473 1641 548 1695 initio
558 1648 660 1695 tantum
671 1640 754 1713 regni,
772 1639 819 1693 sed
828 1640 912 1693 conti-

109 1731 163 1768 nuo
173 1715 252 1770 totius
262 1716 386 1786 temporis
396 1733 519 1770 successu
532 1714 720 1769 admirabiliter
731 1713 856 1787 insignis.

98 1809 110 1832 ·
165 1788 233 1844 Cur.
255 1790 303 1843 IX.
324 1791 391 1844 lluic
402 1789 526 1844 successit
540 1789 611 1844 filius
625 1789 779 1862 Cambyses,
797 1786 845 1860 qui
860 1787 912 1841 im-

109 1863 181 1934 perio
199 1864 281 1933 patris
295 1862 445 1937 Aegyptum
466 1863 570 1917 adiecit:
591 1863 638 1917 sed
655 1863 769 1918 offensus
784 1862 913 1933 supersti-

52 1945 57 1958 ·
109 1937 501 2011 tionibusAegyptiorum,Apis
511 1946 707 2009 oeterorumque
716 1937 824 1991 deorum
834 1936 912 1990 aedes
997 1963 998 1970 ,

63 2011 180 2087 arx-dirui
195 2011 277 2066 iubet.
307 2012 349 2066 Ad
362 2011 500 2066 Ammonis
515 2029 621 2084 quoque
635 2011 831 2067 nobilissimum
846 2019 913 2064 tem-

103 2085 186 2160 plum
194 2085 403 2159 expugnandum
413 2087 556 2141 exercitum
569 2086 661 2140 mittit:
682 2086 739 2157 qui,
751 2085 913 2156 tempestati-

109 2165 161 2217 bus
174 2167 199 2216 et
209 2178 347 2216 arenarum
358 2161 473 2216 molibus
483 2177 633 2232 oppressus,
646 2159 753 2214 interiit.
778 2160 839 2213 Post
848 2159 914 2214 haec

109 2254 156 2307 per
169 2235 284 2308 quietem
301 2235 367 2292 vidit
377 2235 481 2290 fratrem
495 2253 574 2289 suum
585 2234 715 2289 Smerdim
729 2240 912 2307 regnaturum.

108 2310 169 2375 Quo
183 2311 286 2364 somnio
300 2310 451 2375 exterritus,
472 2327 524 2364 non
539 2309 682 2371 dubitavit,
702 2323 761 2379 post
775 2307 913 2380 sacrilegia

108 2384 186 2436 etiam
198 2384 368 2454 parricidium
379 2384 470 2439 lacere.
500 2384 563 2438 Erat
572 2383 641 2437 enim
652 2382 768 2447 dilfioile,
784 2390 813 2436 ut
822 2399 915 2454 paroe-

110 2465 148 2508 ret
162 2458 227 2522 saris,
244 2458 301 2528 qui,
317 2476 378 2513 cum
391 2466 522 2514 contemtu
533 2458 675 2530 religionis,
690 2465 825 2532 grassatus
834 2457 914 2510 etiam

109 2528 237 2583 adversus
251 2530 313 2586 deos
328 2532 439 2610 lucrat,
447 2533 488 2587 Ad
498 2533 548 2587 boo
557 2540 609 2587 tam
621 2532 725 2587 crudele
735 2531 915 2586 ministerium

110 2615 220 2670 magum
234 2606 367 2673 quondam
380 2625 414 2662 ex
428 2608 520 2662 amicis
534 2607 638 2682 delegit,
658 2607 765 2664 nomine
778 2607 915 2662 Cometen.

111 2671 218 2724 Interim
237 2675 306 2745 ipse,
326 2679 414 2752 gladio
430 2700 478 2736 sua
496 2692 587 2754 sponte
601 2683 751 2756 evaginato,
774 2681 803 2736 in
817 2679 919 2738 temore

807 2913 869 2990 ’Ὗ
