2014 3000
88 191 120 242 70
322 193 472 238 IUSTINI
490 193 650 238 HISTOR.

88 296 223 350 civitatum
237 291 291 358 alit,
303 293 432 347 auxilinm
444 292 612 346 inferioribus
622 291 736 356 ferenda,
752 290 833 344 victos
842 307 891 361 pa-

90 371 150 424 riter
160 369 324 439 victoresque
335 369 424 422 subire
433 369 532 441 regiam
543 368 695 423 servitutem
706 366 798 438 coegit.
820 365 892 420 Cau-

87 463 115 498 sa
130 451 155 496 et
168 443 242 514 origo
256 443 336 496 huius
352 442 415 496 mali
430 444 548 497 Thebani
563 443 646 496 suere:
667 441 729 513 qui,
745 457 830 512 quum
848 457 891 493 re-

87 533 146 573 rum
157 518 311 588 potirentur,
324 517 466 572 secundam
477 517 607 572 fortunam
618 514 749 571 imbecillo
758 513 892 569 animote-

87 599 182 657 rentes,
198 592 280 646 rioms
291 593 371 646 armis
381 593 598 648 Lacedaemonios
608 599 633 646 et
643 592 798 654 Phocenses,
810 589 890 661 quasi

87 685 169 739 parva
184 667 313 738 supplicia
327 668 451 722 caedibus
460 677 484 722 et
494 668 593 739 rapinis
602 667 721 729 luissent,
735 664 807 737 apud
814 681 891 718 com-

87 759 170 796 mune
184 741 307 797 Graeciae
320 743 459 798 concilium
474 743 586 814 superbe
600 747 798 818 accusaverunt.
809 741 891 794 Laee-

87 817 233 873 daemoniis
248 819 353 872 crimini
363 819 463 883 datum,
475 818 546 890 quod
552 835 638 872 arcem
647 817 799 870 Thebanam
810 813 892 868 indu-

87 895 189 949 ciarum
199 903 315 966 temporo
324 901 506 964 occupassent,
528 892 715 956 PhocensibuS‚
728 889 801 962 quod
808 890 891 943 Boeo—

87 971 152 1024 tiam
163 968 312 1040 depopulati
323 976 421 1021 essent:
443 985 551 1038 prorsus
561 967 638 1040 quasi
649 973 707 1038 post
719 983 791 1020 arma
804 963 892 1019 etbel-

87 1043 143 1098 lum
160 1044 247 1098 locum
258 1043 361 1116 legibus
372 1042 550 1114 reliquissent.
580 1042 669 1109 Quum
680 1041 807 1096 iudicium
817 1039 891 1094 arbi-

86 1119 137 1172 trio
157 1119 287 1172 victorum
307 1127 477 1182 exerceretur,
500 1125 569 1172 tanta
590 1117 701 1188 pecunia
718 1116 888 1180 damnantur,

88 1200 185 1264 quanta
203 1192 304 1246 exsolvi
325 1210 377 1246 non
397 1201 492 1263 posset.
522 1193 605 1266 Igitur
625 1193 781 1255 Phocenses,
802 1207 892 1262 quum

87 1267 167 1340 agria,
185 1267 273 1320 liberis
288 1268 501 1340 coniugibusque
511 1269 684 1340 privarentur,
697 1265 838 1338 desperatis
848 1282 892 1318 re-

88 1341 303 1405 bus,Philomelo
314 1343 430 1414 quodam
441 1343 515 1407 duce,
530 1342 602 1398 velut
612 1342 659 1396 deo
669 1343 816 1404 irascentes,
823 1347 892 1394 tem-

87 1416 163 1488 plum
181 1417 271 1487 ipsum
286 1417 416 1488 Apollinis
432 1416 538 1488 Delphis
553 1434 721 1488 occupavere.
750 1415 814 1470 lnde
824 1432 891 1470 euro

86 1500 112 1545 et
126 1491 237 1563 pecnnia
255 1492 359 1557 divites,
372 1492 499 1547 conducto
517 1492 676 1546 mercenario
690 1490 773 1546 milite
787 1488 891 1544 bellum

88 1567 220 1621 Thebanis
231 1567 383 1623 intulerunt.
404 1568 513 1622 Factum
523 1567 706 1632 Phocensium,
719 1565 822 1620 tametsi
831 1583 893 1620 om-

88 1659 136 1695 nes
146 1651 342 1698 exsecrarentur
350 1650 455 1715 propter
464 1641 641 1716 sacrilegium,
652 1640 714 1713 plus
727 1640 894 1695 tameninvi-

87 1716 146 1770 diae
161 1717 302 1782 Thebanis,
319 1736 333 1772 a
349 1718 448 1789 quibus
462 1717 494 1772 ad
505 1718 573 1772 hanc
583 1717 759 1771 necessitatem
770 1715 893 1786 compul-

88 1791 111 1844 si
124 1789 235 1855 fuerant,
252 1809 334 1863 qnam
348 1793 414 1862 ipsis
428 1792 527 1846 intulit.
557 1793 648 1864 ltaque
657 1791 755 1846 auxilia
769 1791 812 1844 his
821 1798 847 1844 et
856 1791 892 1844 ab

87 1865 292 1920 Atheniensibus
307 1874 354 1920 eta
370 1865 581 1920 Lacedaemoniis
592 1867 682 1921 missa.
710 1865 799 1920 Prima
808 1865 893 1939 'mitur

87 1939 271 2012 congressione
290 1939 451 1994 Philomelus
470 1941 608 1996 Thebanos
627 1940 718 1996 castris
732 1940 814 1995 exuit.
843 1940 893 1994 Se-

87 2014 179 2086 quenti
194 2013 293 2084 proelio
303 2015 406 2085 primus
417 2014 484 2068 inter
494 2014 698 2070 confertissimos
708 2015 838 2069 dimicans
848 2031 894 2068 oe-

40 2091 45 2095 “
88 2089 159 2154 cidit,
170 2095 195 2142 et
204 2089 333 2162 sacrilegii
346 2107 443 2161 poenas
453 2089 537 2162 impio
546 2091 676 2165 sanguine
685 2089 744 2144 luit.
765 2091 796 2144 ln
806 2089 892 2144 huius

88 2164 241 2219 loonmdux
250 2163 554 2220 Onomarchuscreatur.

143 2239 212 2294 Car.
233 2241 267 2294 11.
288 2239 422 2295 Adversus
432 2258 513 2312 quem
523 2240 641 2294 Thebani
652 2237 823 2310 Thessalique
836 2257 893 2294 non

87 2331 121 2367 ex
130 2314 235 2368 civibus
245 2315 310 2380 suis,
323 2333 356 2370 ne
366 2315 471 2371 victoris
483 2315 625 2388 potentiam
634 2313 700 2369 ferre
710 2331 762 2368 non
772 2320 890 2385 possent,

88 2387 134 2440 sed
149 2388 317 2459 Philippum,
337 2391 501 2446 Macedoniae
515 2407 612 2464 regern,
628 2388 722 2443 ducem
737 2388 848 2461 eligunt,
866 2396 895 2442 et

88 2468 208 2516 externae
222 2462 405 2530 dominationi,
422 2483 503 2537 quam
517 2466 545 2520 in
562 2465 618 2518 suis
633 2463 785 2526 timuerunt,
797 2470 895 2535 sponte

86 2535 241 2590 succedunt.
275 2538 359 2610 Igitur
368 2538 516 2612 Philippus,
529 2539 606 2612 quasi
616 2538 896 2611 sacrilegii,nonThe-

86 2604 217 2662 banormn
234 2610 302 2666 ultor
317 2622 393 2678 esset,
408 2631 500 2669 omnes
509 2614 605 2668 milites
615 2631 722 2668 ooronas
733 2613 834 2668 laureas
844 2630 897 2666 su-

85 2691 158 2729 mere
168 2678 249 2746 iuhet,
261 2691 340 2756 atque
350 2687 385 2741 ita
395 2687 475 2742 veluti
485 2689 534 2744 deo
543 2689 610 2743 duee
618 2689 646 2743 in
656 2687 785 2761 proelium
795 2688 896 2761 pergit.
