2044 3028
303 203 374 247 LlB.
394 203 510 252 XXVIII.
542 205 620 251 CAP.
643 205 665 250 3.
838 199 886 253 197

85 307 183 365 tendes,
206 320 286 370 quum
307 313 438 357 miseritur
455 305 566 372 detctis;
586 311 712 373 priusque
725 321 773 357 saa
798 307 886 373 desen-

84 381 166 431 deada
177 393 255 446 quarn
265 380 353 430 atiena
362 382 512 445 appetenda.
540 378 886 443 ansauternitcmiuestio-

83 469 172 506 manos
181 449 254 504 esse?
273 468 362 518 nempe
371 462 499 518 pastores,
514 457 559 521 qai
569 457 707 506 iatrocinia
717 457 792 507 iustis
802 457 886 506 domi-

83 532 124 580 nis
137 529 267 579 ademtam
280 527 364 579 sotum
378 534 493 594 teneaat,
513 517 559 595 qt'ti
573 545 677 590 aceres,
692 544 771 595 qaam
778 537 886 594 propter

84 605 193 668 eripieris
201 603 424 655 dehonestamenta
432 618 484 654 uoti
496 605 682 664 inveniremini
688 604 795 668 publica
804 619 886 668 rapu-

83 680 164 741 eriut;
185 679 232 742 qui
241 678 350 743 decipite
363 678 452 729 urbem
461 679 545 742 ipsam
555 679 703 742 parricidio
715 679 884 739 condiderint,

82 765 266 817 murorumque
284 753 453 818 fundamenta
467 754 586 818 fraterno
605 755 731 818 sanquine
750 754 886 816 adsperse-

83 829 147 878 rint.
176 823 280 876 Aetolos
296 832 383 878 autern
392 828 526 892 principes
538 823 667 878 Graedae
681 841 780 890 semper
791 829 885 892 saissa·

84 907 115 961 et,
126 902 195 952 sicud
202 901 337 966 dipoitate,
348 903 387 952 ita
396 907 420 951 et
429 903 526 952 virtute
534 902 625 952 ceteris
632 902 808 966 praestitisse:
817 901 886 952 cotes

83 977 192 1040 denique
206 988 267 1034 esse,
282 977 328 1041 qui
336 973 494 1028 Macedonas
506 978 614 1039 imperio
628 981 759 1027 terraram
768 975 886 1040 florentes

83 1063 182 1114 semper
194 1052 373 1100 contemserint
377 1066 387 1114 ‚·
408 1051 453 1116 qui
468 1048 614 1114 Philippum
628 1065 712 1116 repom
725 1063 778 1100 oca
794 1053 886 1102 timae-

83 1126 151 1188 riat,·
177 1125 223 1189 qui
235 1120 383 1174 Ateaanart
396 1121 489 1188 Mapai
498 1131 559 1188 post
570 1123 663 1176 Persas
677 1123 804 1189 Indosque
813 1125 887 1174 deci-

84 1204 146 1258 ctos,
160 1211 240 1263 quam
252 1211 338 1248 omues
351 1211 443 1248 nomeu
456 1201 511 1250 eius
526 1198 669 1258 torrerent,
685 1200 769 1248 edicto
782 1213 886 1262 meae-

81 1275 146 1323 mut.
177 1269 283 1324 Manere
299 1273 380 1337 ipitar
396 1286 423 1322 se
437 1270 573 1332 Romanos,
590 1273 701 1324 conteuti
714 1275 767 1326 siut
778 1275 887 1340 fortuna

80 1348 222 1415 praesenti,
233 1360 279 1396 aee
285 1351 425 1410 provocent
430 1361 515 1404 arma,
527 1347 619 1412 quibus
630 1353 654 1398 et
666 1344 756 1398 Gallos
766 1361 852 1398 caesos
862 1353 887 1396 et

81 1419 241 1473 Macedonas
265 1426 401 1471 contemtos
419 1422 533 1472 videant.
568 1417 611 1472 Sic
629 1417 738 1472 dimissa
758 1417 886 1490 legatione

82 1493 272 1556 Romanarum,
291 1509 324 1546 ue
338 1491 430 1546 fortius
440 1491 518 1546 locuti
531 1509 612 1563 quam
622 1491 714 1546 fecisse
723 1491 883 1555 viderentur,

82 1567 151 1621 fines
160 1567 235 1637 Epiri
245 1567 320 1638 regni
329 1574 354 1619 et
363 1565 524 1620 Acarnaniae
534 1565 736 1638 depopulantur.

138 1639 208 1694 Cer.
229 1641 275 1695 111.
296 1641 351 1694 Iam
366 1640 504 1714 Olympias
519 1641 581 1694 filiis
596 1658 676 1767 repna
688 1638 850 1706 tradiderat3'
862 1650 887 1692 et

80 1717 111 1770 in
121 1714 210 1769 locum
220 1715 325 1788 Pyrrhi,
342 1714 429 1770 fratris
439 1715 564 1780 defuncti,
581 1716 627 1770 Pto
637 1732 743 1769 emaeus
753 1730 887 1768 successe-

80 1797 135 1844 rat:
157 1789 306 1862 quiquam
321 1789 441 1844 hostibus
456 1791 582 1845 instructo
596 1789 711 1844 exercitu
721 1789 817 1842 obvius
826 1805 887 1859 prc-

80 1863 212 1927 cessisset,
223 1863 374 1919 infirmitate
382 1872 515 1936 correptus
526 1865 555 1918 in
565 1865 656 1918 itinere
666 1863 773 1918 decedit.
794 1862 887 1936 Olym·

76 1940 141 2012 pias
154 1955 262 2010 quoque
276 1956 329 1993 non
345 1956 442 2012 magno
455 1948 514 2011 post
523 1947 638 2010 tempore
646 1939 752 2012 gemino
762 1937 886 1993 funerum

78 2013 195 2068 vulnere
206 2011 316 2078 adflicta,
329 2031 437 2087 aegrum
448 2013 571 2085 spiritum
582 2014 696 2078 trahens,
704 2031 756 2068 non
767 2013 813 2067 diu
824 2012 887 2066 filiis

79 2087 242 2160 supervixit.
263 2087 353 2154 Quum
365 2105 398 2142 ex
408 2097 485 2162 gente
495 2089 565 2162 regia
576 2087 630 2143 sola
639 2089 729 2142 Nereis
739 2087 815 2160 virgo
825 2103 887 2140 eum

78 2162 230 2218 Laudamia
240 2177 327 2217 sorore
335 2170 490 2234 superesset,
503 2163 592 2217 Nereis
603 2163 679 2218 nubit
687 2161 788 2224 Gelani,
801 2160 888 2215 Sicili-

80 2255 112 2292 ae
127 2238 199 2311 regis
214 2235 283 2304 filic;
305 2237 450 2293 Laudamia
464 2245 552 2292 autem
566 2255 651 2310 quum
666 2237 694 2291 in
709 2253 780 2290 aram
792 2235 888 2290 Dianae

79 2311 253 2386 confugisset,
268 2327 399 2367 concursu
409 2311 502 2384 populi
512 2312 676 2367 interficitur.
699 2309 776 2378 Quod
785 2309 888 2366 facinus

79 2387 119 2440 dii
130 2384 294 2441 immortales
305 2385 423 2442 adsiduis
433 2387 553 2441 cladibus
562 2387 648 2460 gentis
658 2393 683 2440 et
692 2403 773 2457 prope
782 2386 888 2440 interitu

78 2461 162 2516 totius
178 2460 273 2534 populi
285 2460 493 2517 vindicaverunt.
525 2463 593 2515 Nam
606 2459 764 2515 sterilitatem
779 2459 889 2514 famem-

78 2553 137 2608 que
145 2536 218 2608 passi
229 2543 254 2591 et
263 2535 387 2591 intestina
395 2536 524 2591 discordia
529 2536 615 2592 vexati
626 2536 740 2590 externis
750 2534 889 2604 adpostre-

78 2629 160 2666 mum
170 2610 249 2666 bellis
259 2627 342 2682 paene
352 2611 484 2666 consumti
497 2618 572 2678 sunt;
594 2610 718 2682 Milcque,
731 2607 889 2663 Laudamiae

8 2711 9 2716 κ
76 2702 234 2758 percussor,
251 2685 279 2739 iu
290 2684 407 2742 furorem
418 2703 520 2751 versus,
536 2702 608 2740 nunc
617 2684 685 2740 ferro
695 2698 767 2739 nunc
776 2697 849 2744 saxo,
861 2680 890 2735 in
