2016 3028
111 132 162 182 486
346 133 495 182 rusrmr
511 133 670 205 fflsron.
707 95 732 125 '¹

111 234 244 290 nificentia
254 235 354 306 ingenti
369 242 494 306 apparatu
505 233 645 306 epularum
656 233 691 288 nd
701 249 810 288 coenam
820 231 918 288 iuvita-

112 310 160 364 vit.
190 309 241 362 Sed
256 308 325 362 Galli
339 309 489 380 expositum
499 309 600 382 grande
612 309 669 364 auri
685 307 841 381 argentique
851 325 918 379 pen-

109 383 162 437 dus
177 383 336 437 admirantes
351 391 430 454 atque
441 384 552 455 praedae
565 384 681 438 ubertate
694 383 836 445 sollicitati,
851 381 918 438 inie-

109 457 202 512 stiores
213 475 295 528 quam
305 467 431 512 venerant
441 465 618 512 revertuntur.
642 457 746 524 Quibus
757 465 782 511 et
791 456 918 528 elephan-

111 539 150 586 tos
169 530 204 585 ad
223 540 346 586 terrorem
366 531 438 590 velut
459 532 596 587 inusitatas
614 532 733 587 barbaris
752 531 850 586 formas
871 548 918 586 rex

108 605 213 660 ostendi
232 607 344 662 iusserat
363 615 387 661 et
406 625 486 662 naves
505 616 614 662 onustas
631 607 713 678 copiis
726 605 915 660 demonstrari:

111 681 231 753 ignarus,
254 681 336 754 quod,
357 681 457 752 quibus
474 682 644 736 ostentatione
653 682 753 735 virium
772 688 875 734 metum
890 697 919 735 se

110 755 218 810 iniicere
227 756 402 820 existimabat,
417 773 508 810 eorum
518 757 622 810 animos
632 763 661 810 ut
670 755 703 810 ad
713 755 830 826 opimam
842 771 920 826 prae-

110 829 175 884 dam
185 829 348 885 sellicitabat.
374 832 464 902 ltaque
474 829 551 902 legati
562 830 596 884 ad
607 848 670 886 suos
680 829 778 884 reversi
787 829 880 883 omnia
890 829 919 884 iu

112 905 200 959 maius
220 905 380 970 extollentes,
401 922 463 976 opes
477 905 573 975 pariter
593 912 618 958 et
637 903 826 978 negligentiam
846 903 918 976 regis

109 979 267 1034 ostendunt:
288 985 385 1049 referta
403 997 469 1034 auru
488 988 513 1033 et
531 988 638 1048 cruente
657 989 759 1044 costra,
776 983 822 1032 sed
836 996 919 1047 neque

110 1058 183 1108 vallo
191 1060 291 1123 [casuve
305 1059 420 1122 munita,-
439 1063 464 1108 ct
478 1059 554 1122 quast
572 1059 638 1108 satis
650 1058 802 1108 munimenti
811 1057 838 1108 in
847 1055 921 1127 dici-

111 1131 920 1198 titsltutcrcntltneesomniuofficiamllttartaintermtsr'ese;

108 1219 220 1270 prorem
240 1207 316 1270 quast
334 1205 403 1271 sarri
419 1206 524 1258 ancillo
543 1220 596 1258 non
616 1207 774 1272 inciperent,
794 1207 922 1272 quoniam

110 1279 275 1330 abundarent
286 1294 361 1330 auru.

169 1349 239 1405 Car.
262 1351 295 1404 ll.
316 1352 371 1404 Hac
379 1349 502 1406 relatione
512 1351 604 1406 avidae
615 1351 702 1423 gentis
712 1350 794 1406 animi
805 1349 870 1404 satis
885 1350 921 1404 ad

113 1425 237 1496 praedam
252 1425 441 1493 incitabantur,
463 1425 600 1480 accedebat
618 1436 706 1481 tamen
725 1434 750 1480 et
764 1423 920 1496 exemplum

111 1499 209 1574 Belgii,
227 1500 275 1572 qui
290 1518 343 1555 nen
357 1517 453 1574 magno
462 1509 521 1554 ante
532 1507 648 1572 ternpore
660 1501 831 1556 Macedonum
843 1517 925 1554 exer·

110 1575 196 1629 citum
215 1593 277 1630 cum
297 1593 358 1648 rege
371 1574 554 1631 trucidaverat.
584 1577 676 1647 ltaque
694 1573 924 1630 consentientibus

110 1651 239 1704 omnibus
250 1658 325 1704 nocte
337 1659 420 1706 castra
430 1650 499 1724 regis
509 1650 712 1724 adgrediuntur:
734 1649 781 1722 qui
795 1666 926 1720 praesen-

113 1724 181 1778 tiens
200 1732 297 1779 tantem
318 1732 496 1796 tempestatem
518 1725 626 1797 signum
644 1724 730 1797 pridie
748 1723 869 1788 dederat,
892 1732 927 1778 ut

111 1798 239 1853 omnibus
250 1799 329 1852 rebus
340 1799 433 1855 ablatis
444 1800 472 1853 in
482 1800 601 1870 proxima
612 1799 679 1854 silva
689 1799 760 1854 taciti
770 1797 927 1854 seocculta-

114 1881 182 1926 rent.
212 1873 305 1943 Neque
318 1871 392 1928 aliter
405 1883 506 1928 servata
523 1883 615 1939 castra,
634 1892 716 1946 quarn
731 1873 803 1945 quod
817 1872 927 1928 deserta

111 1954 191 2002 sunt:
214 1945 346 2020 siquidem
360 1947 438 2012 Galli,
454 1948 501 2002 ubi
516 1950 605 2004 emnia
618 1949 737 2004 vacantia
750 1947 866 2002 necsine
875 1947 928 2002 de-

113 2021 264 2077 fensoribus
279 2021 365 2086 modo,
382 2040 473 2078 verum
489 2024 566 2078 etiam
581 2025 639 2078 sine
653 2023 806 2077 custodibus
817 2021 927 2088 vident,

115 2115 167 2153 non
179 2096 270 2171 lugam
283 2097 410 2163 hostium,
426 2097 472 2152 sed
485 2097 575 2152 dolum
587 2099 750 2161 arbitrantes,
764 2097 811 2151 diu
822 2096 932 2152 intrare

114 2181 201 2245 portas
219 2173 374 2228 timuerunt.
404 2173 446 2227 Ad
464 2181 626 2244 postremum
646 2171 755 2244 integris
772 2179 798 2226 et
816 2171 932 2228 intactis

115 2248 289 2302 munimentis
307 2255 451 2302 scrutantes
471 2248 654 2320 potiusquam
669 2247 822 2318 diripientes
837 2254 933 2304 castra

112 2332 317 2389 occupaverunt.
350 2324 426 2377 Tunc
439 2321 533 2376 ablatis
547 2341 616 2394 quae
631 2322 794 2386 invenerant,
809 2320 845 2376 ad
860 2320 934 2378 litus

112 2399 313 2447 convertuntur.
345 2397 384 2450 lbi
395 2397 460 2451 dum
471 2415 551 2450 naves
565 2397 696 2451 incautius
705 2396 845 2467 diripiunt,
857 2413 873 2450 a
883 2414 935 2451 m-

115 2465 233 2534 migilms
248 2473 273 2519 et
286 2467 320 2520 ab
334 2471 464 2524 exercitus
478 2479 558 2541 parte,
571 2489 640 2542 quae
649 2477 679 2525 e'o
689 2489 750 2525 cum
761 2471 934 2544 coniugibus

111 2545 139 2588 et
150 2537 239 2592 liberis
252 2539 432 2612 confugerant,
444 2543 511 2596 nihil
524 2543 572 2598 tale
586 2553 729 2599 metuentes
741 2545 933 2602 trucidantur:

114 2613 239 2680 mutaque
248 2612 339 2666 caedes
345 2614 482 2668 Gallorum
492 2615 551 2682 fuit,
560 2619 726 2693 utAntigenc
730 2637 824 2692 pacem
835 2620 938 2693 opinio
