2014 3000
340 174 411 218 ΗΒ.
431 174 475 218 xi.
505 173 587 220 cnr.
607 175 634 219 4.
857 167 892 221 87

91 285 172 324 omnes
185 273 382 338 obstrinxerint,
398 283 427 328 ut
441 278 519 329 uictis
531 275 618 328 Persis
634 275 731 329 Thebas
744 279 890 330 diruerent.

94 343 223 399 Adiieiunt
236 355 261 400 et
275 347 403 402 scelerum
416 348 536 420 priorum
550 347 662 414 fabulas,
679 349 780 420 quibus
797 367 889 404 omnes

91 435 177 473 saeuas
198 419 367 492 repleverint,
388 430 484 478 utnon
502 425 631 494 praesenti
650 432 753 478 tantum
767 423 887 496 perfidia,

93 510 180 548 verum
189 504 214 549 et
224 502 310 550 vetere
319 496 427 551 infamia
438 497 518 552 invisi
527 497 621 552 forent.

143 568 209 624 Car.
224 571 266 626 IV.
287 572 362 626 Tune
376 571 493 637 Cleadas,
509 591 581 626 unus
591 591 624 626 ex
634 572 754 644 captivis,
770 571 890 644 datapo-
982 607 983 612 =

93 648 176 698 testate
198 644 316 700 dioendi:
342 664 395 700 uon
412 666 430 701 o
448 665 507 716 reue
526 652 659 716 defecisse,
683 664 757 715 quem
782 653 890 717 iuterfe-

92 725 157 770 otum
166 724 306 783 audierint,
318 725 363 774 sed
372 739 390 775 a
399 725 468 790 reule
477 725 626 776 heredibus:
642 725 768 788 quidquid
778 726 807 775 iu
817 739 845 775 eo
855 727 890 777 sit

89 795 235 858 admissum,
248 799 419 859 crudelitatis,
429 813 481 850 uon
487 799 614 865 perfidiae
625 798 800 862 culpaturum
816 801 890 850 euius

90 873 171 920 tomen
180 873 235 922 iom
244 887 339 938 mutuno
348 873 511 938 aeauuplieio
517 873 668 938 pependisse
678 872 762 923 deleta
770 874 890 924 iuventu-

91 947 127 994 te:
144 959 212 998 uuua
225 961 315 998 aeuum
327 949 532 1014 feminarumque
545 949 624 998 siculi
639 947 778 1013 infirmum,
794 951 834 999 ito
847 949 890 1006 iu-

91 1021 194 1071 uorrium
206 1027 307 1073 restare
319 1022 419 1087 vulqus,
432 1023 500 1087 quod
510 1023 594 1087 ipsum
603 1023 703 1088 stupris
714 1022 890 1074 coutumeliis-

90 1107 136 1157 que
145 1095 183 1146 ito
192 1101 317 1147 uexatum
326 1110 387 1155 esse,
399 1102 429 1146 ut
441 1097 506 1147 nihil
515 1099 633 1148 amorius
643 1111 758 1162 uuquam
767 1099 891 1163 simpos-

90 1169 125 1233 εὴ·
148 1183 194 1222 nea
208 1173 263 1222 iam
273 1185 324 1235 pro
339 1171 437 1221 ciuibus
450 1173 544 1237 se,-,qui
557 1177 610 1222 tom
615 1173 697 1236 pauci
706 1174 887 1234 remanseriut,

23 1307 24 1314 ἶ
90 1255 175 1305 orare,
196 1246 242 1296 sed
256 1260 307 1310 pro
326 1246 436 1296 iunooeio
446 1247 551 1314 patriae
567 1247 622 1298 eolo
636 1252 660 1297 et
672 1261 723 1310 pro
736 1248 806 1308 urbe,
824 1262 890 1312 quoe

23 1317 25 1368 ἲ
91 1329 138 1368 uon
147 1321 217 1371 uiros
228 1325 337 1380 tautum,
345 1334 439 1371 ‘verum
449 1325 473 1370 et
482 1321 542 1371 deos
551 1322 676 1386 yeuuerit.
697 1317 800 1373 Privata
811 1319 889 1372 etiam

90 1405 172 1461 regem
183 1391 369 1462 superstitione
378 1391 531 1462 deprecatur
540 1392 622 1464 geniti
633 1391 703 1462 apud
713 1392 890 1462 ipsosHereu-

91 1459 130 1528 lis,
151 1465 222 1520 unde
240 1465 371 1538 originem
388 1483 454 1538 gens
468 1465 641 1520 Aeacidarum
660 1466 758 1530 trahat,
781 1475 891 1538 actaque

89 1537 182 1594 Thebis
196 1559 212 1595 a
231 1549 304 1612 patre
317 1541 374 1594 eius
387 1540 510 1611 Philippo
522 1541 648 1611 pueritia:
670 1547 744 1611 rogat
754 1544 890 1612 uurbipar-

88 1623 136 1678 aot,
152 1634 219 1684 quae
233 1620 345 1670 maiores
358 1621 413 1670 eius
420 1619 521 1684 partim
533 1618 604 1682 opud
613 1632 640 1668 se
649 1619 747 1682 qeuitoa
757 1619 816 1668 deos
825 1619 891 1668 odo-

89 1697 133 1751 ret,
149 1695 252 1758 purtim
270 1695 391 1744 educatos
412 1707 526 1744 summae
544 1693 688 1743 maiestatis
700 1706 772 1758 reyes
786 1693 889 1746 uiderit.

88 1760 136 1818 Sed
148 1763 279 1838 potentior
292 1763 343 1818 tuit
355 1765 393 1818 ira
406 1782 488 1836 quam
502 1780 598 1834 preces.
628 1764 719 1834 Itaque
728 1764 794 1818 urbs
804 1764 890 1819 dirui-

88 1842 140 1906 tur;
161 1839 221 1913 agri
232 1839 300 1893 inter
309 1839 419 1894 victores
429 1839 599 1904 dividuntur,
621 1839 718 1911 captivi
731 1840 783 1894 sub
796 1857 890 1896 corona

88 1913 253 1982 venduntur;
280 1931 395 1986 quorum
414 1914 529 1985 pretium
543 1930 596 1970 non
609 1930 642 1968 ex
658 1915 803 1969 ementium
817 1933 890 1970 eom-

88 1989 170 2054 modo,
187 1988 237 2043 sed
251 2007 285 2043 ex
298 1989 466 2043 inimieorum
479 1988 539 2043 odio
553 1988 711 2043 extenditur.
742 1990 889 2045 Miseranda

88 2079 126 2116 res
135 2063 343 2118 Atheniensibus
358 2064 427 2118 visa:
450 2065 538 2135 itaque
546 2071 634 2134 portas
644 2062 753 2135 refugiis
764 2063 891 2136 profugo-

87 2154 145 2192 rum
160 2146 251 2194 oontra
266 2138 433 2193 interdictum
448 2139 517 2212 regis
532 2155 664 2208 aperuere.
692 2136 778 2202 Quam
788 2155 844 2192 rem
855 2140 890 2193 ita

23 2255 24 2264 ,
86 2214 201 2283 graviter
220 2213 281 2268 tulit
298 2212 455 2278 Alexander,
479 2221 510 2267 ut
529 2211 644 2266 secunda
658 2210 786 2284 legatione
802 2212 890 2269 denuo

87 2285 186 2343 bellum
200 2288 403 2360 deprecantibus
417 2289 452 2343 ita
463 2288 571 2342 demum
585 2285 723 2352 remiserit,
738 2295 767 2342 ut
776 2296 890 2344 oratores

87 2369 110 2415 et
117 2363 208 2428 duoes,
218 2381 335 2436 quorum
346 2363 442 2418 fiducia
452 2363 527 2418 toties
538 2361 671 2426 rebellent,
682 2361 735 2416 sibi
745 2363 888 2419 dedantur:

87 2439 236 2511 paratisque
249 2438 470 2502 Atheniensibus,
487 2455 521 2492 ne
534 2443 661 2509 cogantur
673 2437 763 2492 subire
777 2438 888 2499 bellum,

86 2527 115 2566 oo
125 2531 166 2568 res
176 2513 289 2568 deducta
298 2521 346 2578 est,
358 2521 389 2568 ut
397 2512 502 2567 retentis
513 2511 660 2565 oratoribus
669 2511 749 2566 duces
759 2513 787 2564 in
798 2509 892 2574 exsili-

87 2601 132 2640 um
151 2597 305 2662 agerentur3
331 2589 379 2661 qui
399 2605 432 2642 ex
449 2586 592 2642 eontinenti
612 2585 645 2640 ad
659 2587 768 2639 Darium
782 2579 891 2652 proiecti

87 2677 138 2717 non
150 2663 282 2720 mediocre
296 2671 461 2719 momentum
476 2662 616 2716 Persarum
631 2659 735 2714 viribus
750 2667 893 2709 accessere.
