1984 3010
320 211 392 256 LIB.
411 211 481 256 XIII.
510 213 593 259 CAP.
613 213 640 258 t.
833 206 881 258 ll7

78 311 147 364 llaec
156 309 267 383 agebant
278 311 360 381 posito
372 311 398 364 in
409 311 496 366 medio
505 328 611 382 corpora
621 310 773 374 Alexandri,
786 318 814 364 ut
823 329 880 365 ma-

78 385 155 438 iestas
170 385 229 438 eius
241 385 312 438 testis
327 385 487 440 decretarum
501 393 577 441 esset.
608 386 655 440 His
670 386 704 440 ita
718 386 878 456 compositis,

77 459 243 514 Macedoniae
257 465 284 513 et
296 459 418 514 Graeciae
436 460 569 531 Antipater
585 461 767 532 praeponitur,
794 460 880 534 regiae

77 534 204 605 pecuniae
217 532 333 588 custodia
348 535 452 590 Cratero
465 535 589 600 truditur,
611 545 764 599 castrorum,
781 535 881 589 exerci-

77 609 145 662 citus
160 616 185 662 et
202 626 291 662 rerum
304 625 366 663 cura
381 609 511 683 Meleagro
525 617 550 664 et
564 610 699 664 Perdiccae
709 609 877 685 adsignatur,

77 683 369 754 iubeturqueAridacus
380 701 426 738 rex
438 683 679 755 corpusAlexandri
692 685 880 738 inllammonis

79 757 208 828 templum
218 757 354 812 deducere.
387 759 461 812 Tunc
472 758 602 822 Perdicca,
615 757 735 811 infensus
745 759 880 812 seditionis

76 832 237 896 auctoribus
252 841 356 904 repente
370 833 461 905 ignaro
478 832 576 906 collega
591 831 770 886 lustrationem
783 841 881 886 castro-

76 925 137 962 rum
158 915 262 978 propter
281 917 391 961 mortem
411 907 481 980 regis
501 910 676 978 inposterum
690 907 777 961 edicit.
808 908 882 962 Post

76 998 160 1052 quam
174 990 304 1035 armatum
318 982 460 1036 exercitum
471 982 499 1035 in
511 999 604 1054 campo
613 974 757 1046 constituit,
769 999 881 1036 consen-

76 1057 204 1110 tientibus
226 1057 358 1110 universis
373 1064 499 1120 evocatos
517 1055 582 1111 dum
597 1057 702 1121 transit,
720 1056 752 1110 de
765 1055 880 1130 singulis

76 1113 223 1201 manMulis
238 1131 373 1185 seditiosos
387 1131 518 1201 supplicio
533 1131 599 1186 tradi
609 1131 708 1186 occulte
718 1131 799 1186 iubet.
831 1133 881 1185 Ra-

78 1223 171 1260 versus
186 1205 255 1270 inde,
273 1206 340 1259 inter
353 1205 485 1276 principes
502 1207 651 1276 provincias
665 1206 773 1262 dividit:
799 1204 879 1260 simul

75 1287 106 1334 ut
120 1287 146 1333 et
161 1288 305 1334 removeret
318 1279 474 1334 aemuloset
483 1298 582 1335 munus
593 1281 697 1352 imperii
708 1281 828 1336 beneficii
838 1281 881 1334 sui

75 1354 179 1408 laceret.
209 1355 296 1408 Prima
307 1354 452 1410 Ptolemaeo
465 1354 602 1429 Aegyptus
611 1365 636 1409 et
646 1355 748 1410 Africae
758 1357 881 1410 Arabiae-

75 1447 130 1502 que
140 1446 203 1500 pars
213 1439 281 1483 sorte
292 1430 371 1494 venit,
384 1447 464 1500 quem
475 1447 508 1484 cx
517 1429 637 1503 gregario
646 1429 729 1484 milite
735 1429 882 1484 Alexander

75 1503 184 1558 virtutis
194 1520 272 1558 causa
283 1512 451 1575 provexerat;
462 1505 506 1559 cui
516 1505 549 1558 ad
559 1504 710 1559 tradendam
719 1504 881 1575 provinciam

75 1579 240 1642 Cleomenes,
254 1580 301 1650 qui
312 1578 499 1633 Alexandriam
509 1579 699 1643 aedificaverat,
712 1579 798 1632 datur.
813 1577 882 1632 Con·

76 1655 158 1708 finem
175 1653 238 1706 huic
253 1654 402 1723 provinciae
416 1655 521 1728 Syriam
535 1652 687 1708 Laomedon
698 1652 879 1726 Mitylenaeus,

75 1728 198 1783 Ciliciam
208 1727 331 1792 Philotas,
345 1729 419 1784 Philo
429 1729 533 1803 Illyrios
544 1727 682 1798 accipiunt.
715 1727 814 1782 Mediae
825 1745 883 1780 ma-

74 1803 126 1858 iori
145 1803 292 1873 Atropatos‚
316 1801 431 1878 [minori]
448 1821 520 1859 sccer
534 1803 682 1868 Perdiccae,
702 1803 880 1874 praeponitur.

74 1877 190 1932 Susiana
206 1895 272 1950 gens
283 1877 378 1951 Scyno,
395 1879 509 1954 Phrygia
521 1879 604 1933 maior
614 1877 753 1952 Antigono,
766 1877 881 1949 Philippi

74 1952 142 2016 filio,
164 1952 329 2026 adsignatur.
360 1954 468 2026 Lyciam
489 1962 513 2008 et
531 1953 715 2028 Pamphyliam
736 1954 880 2018 Nearchus,

74 2027 183 2082 Cariam
193 2027 348 2092 Cassander,
361 2028 472 2101 Lydiam
484 2029 625 2082 Menander
637 2029 791 2083 sortiuntur.
817 2029 882 2081 Leo-

72 2111 139 2156 nato
149 2101 237 2156 minor
247 2103 362 2175 Phrygia
373 2104 472 2165 evenit;
494 2103 603 2157 Thracia
613 2110 638 2156 et
653 2103 771 2176 regiones
783 2101 882 2155 Pontici

72 2176 160 2230 maris
171 2175 343 2250 Lysinracho;
357 2177 518 2248 Cappadocia
530 2176 773 2248 oumPaphlagonia
784 2175 883 2229 Eume-

73 2251 105 2304 ni
116 2251 187 2305 data.
220 2250 349 2304 Summus
363 2260 506 2306 castrorum
521 2253 670 2306 tribunatus
689 2251 810 2315 Seleuco,
827 2249 884 2306 An-

72 2325 158 2379 tiochi
181 2324 248 2390 lilio,
269 2325 356 2379 cessit.
389 2325 563 2397 Stipatoribus
582 2326 651 2400 regis
673 2324 883 2398 satellitibusque

73 2399 239 2463 Cassander,
259 2400 330 2454 filius
345 2400 488 2472 Antipatri,
505 2401 663 2472 praeficitur.
699 2403 729 2455 ln
748 2402 883 2455 Bactriana

71 2473 203 2530 ulteriore
219 2482 245 2528 et
259 2475 349 2529 Indiae
366 2475 517 2548 regionibus
531 2476 631 2546 priores
645 2474 765 2546 praelecti
781 2474 882 2529 retenti.

72 2549 173 2604 Terras
189 2549 255 2612 inter
269 2567 360 2604 amnes
375 2549 524 2622 Hydaspem
540 2558 564 2603 et
579 2549 675 2604 ludum
689 2547 794 2602 Taxiles
804 2547 885 2598 hebe-

71 2624 134 2680 bat.
156 2625 185 2677 ln
197 2623 312 2678 colonias
323 2643 349 2678 m
362 2623 434 2678 lndis
444 2623 562 2677 conditas
572 2623 676 2685 Pithon,
692 2618 820 2691 Agenoris
834 2614 885 2666 fili·

68 2715 122 2763 us,
135 2699 257 2752 mrttitur.
279 2691 471 2770 Paropamisios
483 2697 579 2751 etfiues
590 2694 699 2751 Caucasi
709 2686 886 2756 montisOxy-
