2014 3000
91 154 97 160 ‘
123 187 155 238 62
376 189 526 234 IUSTINI
543 189 701 235 HISTOR.

120 297 254 362 portarum
269 289 398 362 angustiis
411 289 503 342 armati
513 297 666 356 occurrunt;
678 295 703 344 et
712 287 923 358 adversusquin·

122 365 206 418 decim
222 363 305 417 millia
319 363 435 416 militum
450 381 502 417 non
518 364 633 434 amplius
641 363 810 418 centum-iam
819 363 925 417 elloetae

121 439 210 493 aetatis
227 437 277 492 viri
288 455 394 510 pugnae
403 455 430 490 se
440 437 561 492 offerunt.
595 440 708 493 Tantum
721 438 872 492 animorum
882 436 923 490 ri-

120 513 246 584 riumque
260 513 359 584 patriae
373 519 398 566 et
409 512 546 583 penatium
561 521 714 584 conspectus
728 512 920 576 subministrat,

121 595 245 658 tantoque
259 588 405 658 praeseutia
415 604 497 658 quam
507 587 682 656 recordatione
693 588 735 641 sui
746 587 858 640 maiores
868 586 924 656 spi-

120 655 187 716 ritus
197 660 356 735 largiuntur.
371 665 373 670 ⁴
387 663 455 716 Nam
467 669 497 716 ut
506 660 602 726 videre,
616 663 684 716 inter
693 679 761 732 quae
770 668 795 714 et
804 678 852 731 pro
862 661 924 731 qui-

120 737 172 791 bus
181 745 287 802 starent,
305 745 350 792 aut
360 736 521 792 vincendum
531 736 583 790 sibi
596 743 641 790 aut
651 735 815 790 moriendum
828 749 925 788 censu-

121 819 205 866 erunt.
231 813 310 866 Pauci
324 813 405 885 igitur
414 812 563 866 sustinuere
572 829 648 866 senes
658 811 748 876 aciem,
761 810 925 880 cuiparante

121 887 191 940 diem
206 887 330 940 universa
346 887 471 940 iuventus
485 903 608 940 essenon
621 886 714 956 potuit.
745 886 774 938 ln
785 888 815 938 eo
825 884 926 955 proelio

120 962 174 1015 duo
192 961 272 1015 duces
294 961 410 1014 hostium
434 960 561 1015 cecidere:
582 978 667 1032 quum
689 960 793 1014 interim
810 959 925 1032 Agesilai

121 1035 236 1090 adventu
255 1035 376 1088 nuntiato
396 1035 514 1089 Thebani
529 1052 666 1090 recessere.
695 1036 748 1089 Neo
761 1033 862 1088 bellum
876 1034 925 1088 diu

120 1109 246 1162 dilatum:
267 1109 400 1180 siquidem
419 1109 607 1180 Spartanorum
621 1107 747 1164 iuventus
760 1126 855 1162 senum
869 1109 927 1162 vir-

120 1192 174 1237 tute
188 1190 214 1236 et
229 1182 312 1254 gloria
326 1184 433 1237 incensa
446 1185 527 1238 teneri
542 1202 594 1239 non
609 1184 701 1255 potuit,
714 1183 784 1255 ‘quin
798 1201 832 1237 ex
842 1183 926 1238 conti-

121 1258 193 1311 nenti
208 1258 261 1311 acie
274 1257 429 1312 decerneret.
460 1258 550 1325 Quum
564 1258 672 1313 victoria
688 1259 874 1313 Thebanorum
884 1275 927 1312 es-

121 1340 168 1394 set,
180 1332 387 1402 Epaminondas,
399 1333 464 1386 dum
479 1351 532 1388 non
547 1333 926 1398 ducistantum,verumetiam

120 1406 257 1462 fortissimi
275 1407 368 1463 militis
386 1406 472 1463 officio
484 1407 614 1480 iungitur,
631 1409 745 1480 graviter
758 1407 924 1461 vulneratur.
1001 1435 1002 1474 p

121 1482 179 1547 Quo
190 1479 279 1536 audito
290 1482 332 1536 his
342 1501 376 1536 ex
389 1481 477 1537 dolore
487 1491 573 1538 metus
586 1490 610 1537 et
620 1483 673 1536 illis
683 1500 716 1536 ex
725 1482 823 1556 gaudio
833 1489 929 1553 stupor

121 1557 251 1612 inlicitur:
273 1565 351 1630 atque
364 1557 400 1612 ita
413 1557 495 1614 veluti
510 1576 543 1613 ex
557 1557 652 1630 placito
662 1575 791 1612 consensu
801 1575 816 1610 a
826 1557 928 1628 proelio

120 1631 273 1686 disceditur.

177 1707 245 1760 Cur.
266 1708 335 1761 VlIl.
356 1709 417 1761 Post
435 1725 532 1778 paucos
547 1706 642 1760 deinde
656 1706 711 1760 dies
727 1705 928 1777 Epaminondas

121 1779 234 1834 decedit:
256 1798 317 1834 cum
332 1799 386 1852 quo
401 1781 469 1836 vires
479 1799 586 1853 quoque
597 1779 754 1852 reipublicae
764 1781 926 1835 ceciderunt.

121 1855 188 1908 Nam
202 1855 280 1907 sicuti
294 1853 345 1908 telo
360 1855 383 1908 si
397 1855 511 1925 primam
527 1859 608 1910 aciem
623 1854 806 1928 praefregeris,
822 1856 929 1927 reliquo

121 1928 188 1982 ferro
210 1929 265 1981 vim
280 1929 391 1982 nocendi
406 1929 559 1985 sustuleris:
586 1931 624 1984 sic
640 1929 695 1994 illo,
712 1930 784 1986 velut
800 1947 929 1986 mucrone

120 2002 174 2068 teli,
186 2000 272 2056 ablato
281 2002 347 2057 duce
357 2003 551 2069 Thebanorum,
563 2023 601 2059 rer
611 2022 717 2077 quoque
725 2005 847 2076 publicae
858 2005 928 2060 vires

120 2079 254 2132 hebetatae
267 2085 342 2133 sunt:
364 2086 394 2133 ut
408 2096 459 2133 non
476 2089 528 2134 tam
541 2079 618 2134 illum
630 2080 757 2144 amisisse,
770 2097 928 2151 quam-cum

121 2154 167 2208 illo
181 2153 311 2208 interiisse
319 2171 411 2210 omnes
421 2153 582 2208 viderentur.
604 2156 672 2208 Nam
682 2172 769 2226 neque
779 2155 853 2208 hunc
866 2162 929 2208 ante

121 2229 216 2283 ducem
233 2227 321 2283 ullum
340 2228 509 2284 memorabile
523 2229 623 2283 bellum
638 2246 753 2302 gessere,
775 2245 824 2283 neo
837 2237 930 2300 postea

121 2302 274 2365 virtutibus
291 2303 337 2358 sed
352 2303 472 2358 cladibus
482 2304 600 2376 insigues
610 2303 695 2358 luere:
715 2311 745 2357 ut
755 2304 930 2358 manifestum

122 2376 156 2428 sit
165 2377 263 2444 patriae
273 2377 384 2448 gloriam
395 2387 419 2432 et
429 2386 517 2434 natam
527 2386 552 2432 et
561 2379 714 2432 exstinctam
725 2394 786 2433 cum
797 2377 929 2433 eofuisse.

121 2449 183 2500 Fuit
200 2456 287 2502 autem
303 2451 441 2518 incertum,
453 2454 495 2507 vir
505 2453 640 2508 meliorari
650 2452 706 2507 dux
716 2463 792 2506 esset.
823 2455 893 2507 Nam
903 2461 931 2506 et

123 2520 264 2603 imperium
275 2541 325 2577 ncn
338 2527 398 2589 sibi,
411 2526 457 2580 sed
468 2529 565 2598 patriae
575 2528 828 2599 semperquaesivit;
849 2535 932 2598 etpe-

123 2607 215 2671 ounrae
226 2594 289 2648 adeo
298 2615 393 2666 pareus
402 2598 460 2663 suit,
474 2610 504 2654 ut
513 2611 619 2658 sumtus
631 2600 841 2657 funerideiuerit.
863 2599 930 2656 Glo-

122 2678 176 2714 rrae
186 2682 292 2737 quoque
303 2688 356 2724 non
365 2673 484 2742 cupidior
493 2693 575 2747 quam
585 2677 724 2748 pecuniae:
745 2677 934 2750 quipperecu-
