1984 3010
290 180 361 226 LIB.
380 182 437 226 XX.
468 181 548 228 CAP.
570 181 595 228 3.
633 243 639 256 Ι
740 137 742 142 Ι
795 174 844 230 {57

33 287 102 335 seul.
127 279 219 350 ltaque
229 295 314 350 quum
324 287 422 334 statuas
436 281 579 335 iuvenibus
589 281 672 336 iustae
682 281 844 354 magnitudi-

39 355 80 408 nis
91 353 155 408 etin
165 353 261 424 primis
271 355 405 409 Minervae
413 354 538 410 fabricare
548 357 700 428 coepissent,
710 357 845 427 Metapon-

38 429 97 493 tini,
119 428 224 500 cognito
242 429 346 483 oraculo
359 429 469 484 deorum
483 432 662 501 occupandam
681 431 801 484 manium
819 439 845 485 et

38 503 102 557 deae
111 519 202 573 pacem
214 503 273 566 rati,
289 503 431 558 iuvenibus
442 505 543 559 modica
552 513 578 558 et
591 505 692 576 lapidea
702 505 844 559 simulacra

37 584 154 649 ponunt,
179 585 204 632 et
222 577 298 632 deam
320 579 451 649 panificiis
472 579 586 650 placant.
614 579 701 650 Atque
714 580 750 632 ita
764 581 843 650 pestis

38 653 181 722 utrobique
194 652 282 706 sedata
299 661 346 718 est,
363 671 447 724 quum
462 654 536 708 alteri
550 653 754 725 magnificentia,
771 653 844 706 alteri

39 726 174 780 velocitate
188 735 338 782 certassent.
369 729 527 798 Recuperata
537 729 647 781 sanitate
660 745 712 781 non
724 726 770 780 diu
781 727 845 781 Cro-

36 801 172 856 tonienses
186 803 320 872 quievere.
350 804 440 873 ltaque
454 803 622 874 indignantes
633 802 660 855 in
671 801 846 872 oppugnatio-

37 894 71 930 ne
85 875 154 929 Siris
167 875 299 930 auxilium
314 883 402 930 contra
419 894 447 930 se
460 895 475 930 a
490 876 665 930 Locrensibus
680 875 772 939 latum,
788 874 846 928 bel-

37 949 97 1004 lum
121 949 165 1003 bis
188 949 342 1004 intulerunt.
373 950 431 1016 Quo
449 957 521 1005 metu
544 950 626 1004 territi
649 951 791 1004 Locrenses
811 949 845 1002 ad

36 1025 181 1094 Spartanos
191 1025 347 1078 decurrunt:
369 1024 500 1078 auxilium
514 1023 646 1095 supplices
661 1024 843 1095 deprecantur.

36 1099 81 1152 llli
103 1097 249 1170 longinqua
268 1098 362 1152 militia
381 1101 492 1172 gravati,
515 1103 648 1154 auxilium
665 1118 683 1152 a
700 1099 806 1153 Castore
821 1107 845 1152 et

36 1175 144 1227 Polluce
155 1182 242 1239 petere
256 1191 298 1227 eos
311 1173 412 1228 iubent.
442 1175 534 1244 Neque
549 1173 626 1246 legati
636 1191 792 1244 responsum
802 1189 845 1227 so-

34 1247 95 1301 ciae
108 1245 184 1300 urbis
199 1254 367 1318 spreverunt:
392 1246 552 1319 profectique
566 1248 593 1302 in
609 1249 761 1322 proximum
777 1257 845 1302 tem-

35 1322 118 1394 plum
128 1319 194 1376 lacto
204 1321 330 1376 sacrificio
340 1321 472 1376 auxilium
485 1323 593 1376 deorum
604 1321 753 1393 implorant.
774 1323 846 1376 Lita-

35 1397 72 1450 tis
83 1395 179 1449 hostiis
189 1396 355 1467 obtentoque,
368 1404 398 1450 ut
408 1397 541 1460 rebantur,
549 1396 621 1467 quod
631 1397 760 1466 petebant,
773 1396 845 1450 haud

35 1488 116 1524 secus
132 1469 201 1534 laeti,
217 1488 300 1543 quam
310 1470 333 1523 si
343 1469 405 1524 deos
417 1471 488 1542 ipsos
498 1487 588 1524 secum
599 1471 733 1525 advecturi
746 1477 842 1532 essent,

34 1545 193 1616 pulvinaria
206 1544 240 1598 iis
254 1545 282 1598 in
297 1544 359 1600 nevi
373 1554 548 1616 componunt3
574 1544 721 1616 faustisque
737 1542 845 1616 profecti

33 1619 177 1674 ominibus
187 1619 278 1674 solatia
286 1619 344 1672 suis
354 1636 402 1690 pro
411 1619 519 1674 auxiliis
532 1619 678 1690 deportant.

95 1693 163 1748 Cur,
183 1695 229 1748 llI.
250 1693 297 1747 His
316 1694 428 1766 cognitis
443 1693 624 1749 Crotonienses
641 1701 666 1746 ct
682 1692 733 1762 ipsi
748 1691 845 1764 legatos

33 1769 71 1822 ad
80 1767 221 1823 oraculum
230 1767 345 1838 Delphos
354 1769 472 1833 mittunt,
480 1768 602 1822 victoriae
612 1766 759 1822 facultatem
769 1766 846 1821 belli-

35 1861 92 1914 que
106 1860 246 1914 prosperos
260 1850 370 1898 eventus
387 1843 561 1916 deprecantes.
591 1844 758 1914 Responsum
768 1847 846 1910 prius

34 1924 106 1972 uotis
124 1921 209 1972 hostes
229 1935 307 1986 quam
324 1923 407 1972 armis
424 1921 569 1972 vincendos.
603 1916 693 1983 Quum
712 1917 847 1972 vovissent

34 1992 160 2063 Apollini
169 1992 285 2046 decimas
295 1992 414 2063 praedae,
431 1994 572 2046 Locrenses
586 1999 611 2045 et
624 2000 684 2046 voto
693 1991 811 2046 hostium
821 2000 846 2045 et

33 2084 168 2138 responso
181 2066 224 2120 dei
237 2067 350 2140 cognito,
365 2084 448 2121 nonas
458 2073 600 2135 voverunt;
621 2066 779 2137 tacitamque
787 2083 846 2119 eam

30 2159 96 2196 rem
115 2143 244 2206 habuere,
265 2159 298 2196 ne
312 2143 381 2196 votis
397 2141 574 2196 vincerentur.
607 2142 697 2211 ltaque
717 2157 802 2210 quum
817 2140 846 2194 in
875 2167 878 2173 ,

27 2217 122 2271 aciem
143 2215 338 2287 processissent,
358 2223 384 2270 et
401 2216 611 2271 Crotoniensium
630 2221 735 2270 centum
749 2213 848 2287 viginti

29 2291 126 2346 millia
142 2299 304 2346 armatorum
321 2291 505 2356 constitissent,
527 2292 669 2345 Locrenses
688 2289 846 2360 paucitatem

26 2383 118 2420 suam
134 2365 374 2436 circumspicientes
384 2365 456 2438 (nam
469 2365 523 2419 sola
533 2365 686 2436 quindecim
699 2364 783 2419 millia
795 2365 847 2418 rni-

27 2443 119 2497 litum
130 2440 271 2513 habebant)
279 2441 378 2495 omissa
386 2458 433 2511 spe
442 2440 564 2495 victoriae
574 2441 601 2493 in
611 2439 766 2494 destinatam
775 2457 847 2494 mor-

23 2529 94 2572 tem
108 2515 275 2585 conspirant:
300 2523 443 2586 tantusque
457 2514 533 2569 ardor
549 2531 583 2568 ex
597 2515 775 2585 desperatione
789 2513 848 2565 sin·

24 2589 119 2666 gulos
128 2590 206 2661 cepit,
218 2597 249 2644 ut
262 2589 372 2645 victores
386 2608 414 2644 se
428 2589 557 2660 putarent,
572 2589 595 2644 si
608 2606 658 2643 non
673 2587 751 2641 inulti
762 2601 848 2639 more-

24 2671 141 2724 rentur.
171 2663 223 2720 Sed
232 2663 298 2720 dum
308 2666 375 2721 mori
386 2666 492 2721 honeste
502 2669 642 2736 quaerunt,
659 2660 767 2714 lelioiter
777 2656 848 2734 vice·
