1984 3010
323 175 487 220 Linum.
519 176 597 220 cAP.
619 177 642 220 a.
740 141 746 152 ’
784 143 801 151 ”
837 141 885 222 tta

85 273 149 336 auri,
166 274 213 345 qui
230 275 407 330 crudelitatem
426 275 568 330 Alexandri
582 273 691 348 fugerat,
706 275 778 348 quod
793 275 887 330 civita-

86 357 135 402 tem
146 350 172 402 in
186 349 305 404 eiusdem
320 351 462 406 Alexandri
476 350 577 404 bellum
591 350 744 420 impelleret,
758 349 888 404 lorte‘Me-

83 425 153 498 garis
167 424 317 480 exsulabat:
339 427 387 498 qui
404 433 433 478 ut
447 426 559 478 missum
570 426 603 480 ab
614 426 820 480 Atheniensibus
832 427 888 499 Hy-

84 499 198 571 peridem
215 499 328 572 legatum
344 501 474 573 cognovit,
490 519 536 572 qur
531 500 773 571 Peloponnenses
767 519 793 555 m
803 502 887 556 socie-

85 583 159 628 tatem
171 591 305 629 armorum
315 575 472 640 sollicitaret,
484 583 588 629 secutus
599 593 660 630 eum
672 575 794 650 sicyona,
802 575 887 649 Argos

82 649 267 704 'etCorinthum
279 658 428 722 ceterasque
438 651 555 704 civitates
565 649 713 735 eloquentia
723 669 771 704 sua
778 651 888 704 Atheni-

82 724 214 778 ensibus
206 726 301 781 iunxit.
331 726 372 781 Ob
388 727 460 798 quod
476 725 572 779 iactum
586 726 666 778 missa
677 725 711 778 ab
721 726 888 778 Atheniensi-

83 801 135 854 bus
144 800 251 854 obviam
263 819 337 864 nave,
351 802 384 856 ab
394 801 487 855 exsilio
497 809 641 854 revocatur.
662 800 786 852 interim
779 818 806 853 m
816 800 900 854 obsi-·

82 875 161 930 dione
175 875 305 946 Antipatri
320 877 487 941 Leosthenes,
504 875 559 929 dux
575 875 792 938 Atheniensium,
809 873 860 928 telo
874 891 889 927 e

83 951 168 1004 muris
179 950 206 1004 in
218 958 396 1004 transeuntem
407 952 472 1005 iacto
481 949 617 1005 occiditur.
648 949 721 1015 Quae
734 967 775 1002 res
785 957 888 1002 tantum

83 1027 234 1080 animorum
250 1026 386 1096 Antipatro
400 1025 480 1089 dedit,
497 1026 613 1080 utetiam
625 1024 726 1078 vallum
742 1025 889 1078 rescindere

82 1100 200 1154 auderet
228 1100 367 1154 Auxilium
383 1099 505 1154 deindea
522 1102 632 1154 Laenate
646 1118 692 1171 per
703 1100 799 1173 legatos
810 1100 885 1170 petit:

79 1175 130 1247 ¹qui
139 1193 225 1247 quum
241 1175 331 1229 venire
344 1193 405 1229 cum
417 1176 532 1228 exercitu
546 1177 682 1229 nuntiatus
693 1184 768 1240 esset,
781 1176 853 1230 obvii
864 1176 888 1229 ei

81 1250 255 1305 Athenienses
269 1268 330 1304 cum
343 1251 475 1308 instructis
488 1251 568 1321 copiis
579 1250 659 1314 luere,
673 1251 764 1322 ibique
773 1251 888 1322 equestri

82 1325 181 1396 proelio
205 1325 281 1396 gravi
301 1325 411 1379 vulnere
430 1325 496 1378 ictus
515 1326 701 1398 exstinguitur.
741 1327 886 1397 Antipater,

81 1400 183 1454 tametsi
200 1399 299 1454 auxilia
314 1418 361 1453 sua
379 1400 477 1453 videret
495 1400 571 1463 vieta,
589 1408 671 1454 morte
685 1410 770 1454 tamen
783 1401 888 1454 Leonati

82 1475 192 1529 laetatus
201 1482 253 1528 est:
274 1475 374 1546 quippe
383 1483 408 1528 et
418 1474 553 1528 aemulum
567 1475 701 1528 sublatum
713 1483 737 1528 et
748 1475 816 1528 vires
831 1476 888 1528 eius

78 1551 223 1605 accessisse
232 1549 284 1603 sibi
294 1548 486 1622 gratulabatur.
512 1549 604 1602 Statim
617 1549 697 1620 igitur
707 1549 822 1602 exercitu
832 1550 889 1602 eius

80 1633 193 1696 recepto,
206 1642 291 1695 quum
302 1641 350 1695 par
361 1625 480 1678 hostibus
492 1624 570 1677 etiam
585 1623 682 1694 proelio
694 1622 834 1686 videretur,
847 1641 890 1676 so-

81 1699 156 1754 lutus
171 1699 307 1755 obsidione
322 1700 350 1752 in
365 1699 543 1754 Macedoniam
559 1698 696 1752 concessit.
729 1697 889 1752 Graecorum

77 1793 191 1846 quoque
201 1773 289 1846 copiae
304 1773 404 1828 finibus
414 1775 537 1829 Graeciae
550 1774 623 1829 hoste
632 1773 710 1844 pulso
720 1773 747 1828 in
759 1774 838 1828 urbes
849 1775 890 1828 di-

80 1851 209 1978 lapsae&
220 1925 265 1979 Vl:
282 1925 382 1978 Interea
393 1923 514 1978 Perdicca
524 1923 594 1979 bello
604 1923 744 1992 Ariarathi‚
756 1925 811 1997 regi
823 1926 891 1996 Cap-

78 1999 223 2072 padocum,
237 1999 316 2062 illato,
328 1999 480 2071 proelioque
491 2001 581 2064 victor,
590 1999 656 2053 nihil
668 2000 778 2071 praemii
790 2010 890 2070 praeter

78 2074 194 2129 vulnera
204 2082 228 2128 et
239 2074 353 2146 pericula
365 2073 466 2129 retulit:
487 2075 586 2146 quippe
598 2075 684 2128 hostes
695 2076 728 2128 ab
742 2075 796 2128 acie
807 2075 832 2128 in
845 2093 891 2128 ur-

77 2152 144 2204 bem
156 2149 358 2221 recepti,ocoisis
368 2149 526 2222 coniugibus
537 2158 561 2203 et
572 2149 669 2214 liberis,
678 2149 891 2220 domosquisque

75 2244 146 2280 suas
161 2243 222 2279 cum
238 2225 363 2280 omnibus
379 2225 460 2296 copiis
473 2225 655 2279 incenderunt.
686 2223 785 2278 Eodem
795 2241 891 2297 conge-

75 2301 128 2355 stis
150 2301 228 2354 etiam
249 2300 364 2354 servitiis
378 2309 403 2354 et
415 2308 497 2354 semet
512 2301 581 2371 ipsos
592 2299 770 2370 praecipitant,
784 2308 812 2352 ut
823 2299 890 2354 nihil

76 2375 166 2430 hostis
184 2376 265 2430 victor
277 2393 386 2429 suarum
402 2394 490 2429 rerum
506 2383 606 2446 praeter
616 2374 730 2428 incendii
743 2375 892 2446 spectaculo

75 2450 220 2505 frueretur.
251 2451 323 2514 Inde,
339 2459 368 2504 ut
358 2450 484 2504 tviribus
498 2451 675 2504 auctoritatem
687 2451 784 2522 regiam
796 2447 893 2518 adqui-

73 2534 158 2590 reret,
181 2526 214 2580 ad
235 2526 340 2596 nuptias
357 2525 515 2596 Cleopatrae
532 2527 628 2579 sororis
644 2525 787 2578 Alexandri
802 2521 892 2590 Magni

71 2609 102 2654 ct
112 2600 224 2655 alterius
235 2600 378 2656 Alexandri
392 2600 527 2672 quondam
541 2599 641 2662 uxoris,
655 2617 707 2652 non
719 2598 893 2666 adspernante

70 2675 249 2752 Olympiade,
264 2685 345 2732 metro
354 2695 422 2739 erus
436 2673 560 2729 intendit.
581 2674 628 2727 sed
638 2690 713 2744 prius
724 2670 892 2738 Antipatrum
