1998 3006
277 163 349 206 nra.
370 162 439 208 xvr.
471 163 549 208 car.
569 163 596 207 a.
686 125 687 128 '
790 159 839 210 rae

90 259 155 314 Cra.
176 261 207 313 V.
229 260 340 332 Cognito
358 261 453 316 deiude
468 263 540 333 quod
554 261 653 316 bellurn
673 263 725 316 sibi
745 263 778 316 ab
793 264 835 327 iis,

40 333 81 402 qui
95 333 273 407 profugerant,
286 337 463 390 misericordia
474 339 500 390 in
511 337 641 392 auxilium
651 337 839 392 sollieitatisci-

41 407 159 464 vitatibus
178 421 322 479 pararetur,
343 429 432 465 servos
446 429 537 466 eorum
552 413 727 480 manumittit余
750 421 787 478 et,
804 431 838 466 ne

40 483 99 550 quid
111 482 176 539 mali
191 482 301 537 adflictis
313 485 505 540 honestissimis
515 487 638 541 domibus
649 487 756 552 deesset,
770 505 837 541 uxo-

38 573 75 608 res
88 575 180 612 eorum
195 558 317 630 filiasque
331 561 429 614 nubere
443 562 527 614 servis
541 562 598 614 suis
613 562 745 632 proposita
762 579 837 616 recu-

38 633 154 686 santibus
169 641 253 686 morte
263 635 403 704 compellit,
416 643 446 688 ut
455 653 498 689 eos
509 635 561 688 sibi
571 636 675 689 lidiores
685 643 711 688 et
720 635 836 690 dominis

37 703 178 761 infestiores
196 707 322 762 redderet.
343 709 394 762 Sed
409 709 535 762 matronis
544 717 598 762 tam
609 709 736 781 lugubres
748 711 837 780 nupti-

35 797 62 832 ae
75 782 210 854 graviores
224 783 367 853 repentinis
376 782 515 837 funeribus
525 782 606 838 fuere.
637 785 728 854 ltaque
738 783 836 838 multae

35 871 61 907 se
73 865 132 910 ante
144 857 259 926 nuptias,
272 857 370 911 multae
381 858 406 910 iu
419 858 484 928 ipsis
498 859 598 928 nuptiis
607 858 699 911 occisis
708 857 836 927 priusno-

35 929 73 983 vis
91 932 204 986 maritis'
212 931 373 986 interficiunt
382 940 406 986 et
417 950 445 986 se
455 940 507 986 tam
521 932 631 986 funestis
642 931 836 986 calamitatibus

34 1005 127 1060 uirtute
141 1006 251 1078 ingenui
261 1006 370 1077 pudoris
381 1007 505 1078 eripiunt.
528 1006 835 1061 Proeliumdeindecom-

33 1079 158 1148 mittitur余
180 1098 235 1152 quo
249 1082 331 1136 victor
341 1089 470 1154 tyrannus
481 1083 597 1152 captivos
606 1090 736 1135 senatores
750 1081 778 1135 in
790 1083 835 1135 tri-

30 1157 125 1226 umphi
141 1156 251 1210 modum
267 1174 313 1226 per
327 1173 371 1210 ora
382 1156 482 1210 civium
492 1157 580 1210 trahit.
610 1157 740 1210 Reversus
750 1156 777 1209 in
789 1175 835 1210 ur-

30 1228 89 1284 bem
107 1231 173 1286 alios
190 1231 279 1294 vincit,
292 1238 395 1302 torquet
404 1230 478 1296 alioS,
490 1230 554 1284 alios
564 1231 671 1285 occidit:
693 1230 785 1284 nullus
796 1231 835 1285 lo-

28 1320 74 1358 cus
90 1305 167 1359 urbis
181 1323 194 1360 a
206 1305 357 1360 erudelitate
367 1306 473 1378 tyranni
485 1313 566 1359 vacat.
597 1305 702 1360 Accedit
712 1305 835 1360 saevitiae

28 1379 177 1442 insolentia,
198 1379 345 1434 crudelitati
365 1381 521 1452 arrogantia.
551 1380 687 1434 Interdum
709 1380 781 1434 euim
801 1398 834 1434 ex

28 1471 153 1508 successu
165 1454 306 1508 continuae
318 1453 448 1509 felicitatis
462 1455 628 1510 obliviscitur
644 1473 673 1508 se
681 1455 831 1522 hominem余

27 1529 163 1585 interdum
184 1529 255 1584 lovis
277 1547 304 1584 se
326 1529 413 1583 filiurn
428 1529 503 1583 dicit.
533 1529 615 1582 Eunti
633 1547 679 1599 per
694 1528 833 1598 publicum

26 1621 106 1659 aurea
124 1604 214 1676 aquila
231 1604 303 1658 velut
316 1612 502 1677 argumentum
512 1604 616 1676 generis
626 1602 830 1673 praeferebatur余

26 1688 98 1734 reste
113 1697 248 1752 purpurea
263 1687 288 1732 et
301 1681 437 1734 cothurnis
450 1696 544 1751 regum
554 1677 713 1750 tragicorum
723 1686 833 1732 etaurea

23 1771 121 1810 corona
132 1755 269 1820 utebatur,
292 1753 378 1808 lilium
392 1771 499 1826 quoque
509 1771 589 1806 suum
603 1752 830 1817 Cerauuonvocat,

24 1838 53 1881 ut
68 1830 134 1884 deos
145 1847 199 1884 nou
212 1828 350 1883 mendacio
360 1837 476 1895 tantum,
487 1827 667 1882 verumetiam
678 1827 833 1882 nominibus

22 1904 128 1959 illudat.
159 1907 229 1958 Haec
252 1903 329 1957 illum
353 1902 436 1958 faeere
459 1903 512 1957 duo
533 1902 692 1958 nobilissimi
711 1902 830 1968 iuvenes,
858 1937 861 1942 -

22 1979 111 2034 Chion
132 1987 158 2032 et
176 1978 315 2042 Leonides,
338 1977 505 2050 indignantes
525 1978 635 2048 patriam
651 1977 786 2031 liberaturi
803 1978 831 2031 in

18 2071 117 2108 necem
132 2053 241 2126 tyranni
257 2053 417 2124 conspirant.
447 2054 529 2106 Erant
542 2053 571 2106 bi
581 2051 706 2121 discipuli
717 2051 832 2104 Platonis

16 2129 187 2200 philosophi,
204 2128 253 2200 qui
267 2129 400 2192 virtutem,
418 2127 545 2199 adquam
562 2127 679 2198 quotidie
689 2126 831 2196 praeceptis

16 2205 146 2277 magistri
156 2203 355 2268 erudiebantur,
367 2202 465 2273 patriae
473 2203 597 2256 exhibere
608 2201 742 2271 cupientes
751 2200 832 2270 quin-

16 2281 154 2352 quaginta
168 2285 294 2352 cognatos
305 2277 385 2332 veluti
398 2276 504 2330 clientes
517 2278 545 2330 in
556 2275 661 2331 insidiis
672 2274 765 2328 locant.
778 2275 832 2344 Ipsi

16 2372 98 2408 more
117 2353 282 2428 iurgantium
293 2352 326 2406 ad
337 2360 490 2426 tyrannum,
502 2351 583 2405 veluti
594 2351 627 2405 ad
640 2367 737 2422 regem,
751 2349 778 2403 in
790 2367 834 2404 ar-

16 2446 76 2483 ?crn
95 2428 273 2483 contendunt:
295 2427 343 2498 qui
358 2428 415 2481 iure
430 2426 613 2481 familiaritatis
625 2425 744 2489 admissi,
765 2425 831 2478 dum

16 2506 138 2558 dierum
152 2503 268 2575 priorem
283 2502 412 2556 dicentem
427 2502 543 2556 intentus
558 2500 631 2556 audit
645 2508 783 2573 tyrannus,
797 2499 832 2550 ab

16 2579 106 2632 dtero
119 2579 302 2633 obtruncatur.
334 2577 385 2632 Sed
399 2586 425 2632 et
439 2577 491 2647 ipsi
500 2577 577 2630 sociis
588 2575 688 2629 tardius
698 2571 830 2626 auxilium

16 2652 171 2710 'arentibus
187 2651 370 2708 asalellitibus
378 2653 536 2707 obruuntur.
566 2650 624 2716 Qua
637 2666 664 2702 re
675 2647 770 2700 lactum
780 2649 830 2704 est,

353 2761 365 2788 0
