2014 3000
369 171 438 216 LIB.
458 171 489 216 11.
520 171 598 218 CAP.
619 173 644 216 4.
873 167 904 218 Π

96 284 239 340 corporum
273 268 431 324 immensae:
466 271 531 324 nihil
559 289 664 342 parare,
693 270 765 343 quod
788 272 905 326 amittere

97 345 222 398 timeant:
254 344 321 397 nihil
339 346 447 399 victores
466 355 566 416 praeter
578 346 688 418 gloriam
704 347 902 416 concupiscunt.

100 419 206 472 Primus
215 418 322 491 Scythis
339 420 437 474 bellurn
450 421 547 474 indixit
556 420 679 474 Sesostris
689 439 736 474 rex
746 421 902 492 Aegyptius.

98 494 189 547 missis
200 493 289 564 primo
300 493 446 558 lenonibus,
459 496 506 566 qui
519 496 637 549 hostibus
652 496 760 566 parendi
771 494 854 568 legem
864 496 903 548 di-

98 575 196 622 cerent.
219 567 270 620 Sed
282 568 401 640 Scythae,
419 569 471 622 iam
483 578 541 624 ante
550 571 582 622 de
592 570 707 624 adventu
718 570 786 643 regis
798 588 811 622 a
823 570 900 623 finiti-

99 644 151 696 mis
172 641 296 696 certiores
315 641 383 708 facti,
405 644 496 716 legatis
517 645 687 714 respondent:
718 655 771 698 tam
791 648 904 712 opulenti

98 721 190 785 popuii
203 721 297 774 ducem
307 721 398 772 stolide
411 725 537 773 aduersus
551 725 639 786 inopes
651 737 788 786 occupasse
802 723 903 782 betium,

98 797 168 860 quod
177 796 263 860 mapis
275 797 345 846 domi
356 799 436 861 [uerit
446 797 487 847 itii
497 798 650 848 timendum:
670 797 738 861 quod
749 795 809 845 betti
819 802 904 846 certa-

98 885 157 920 men
171 883 276 933 anceps,
290 873 410 934 praemio
424 873 549 923 victoriae
563 871 645 930 natta,
662 871 758 921 damno
767 873 904 936 manifesta

98 947 163 994 siut.
193 942 279 1009 Ipitur
289 959 340 994 aaa
348 951 543 1010 exspectaturos
552 942 669 1010 Scythas,
680 945 742 996 dum
751 945 822 995 adse
832 947 906 996 oeni-

98 1025 171 1078 otur,
183 1033 264 1084 quum
272 1025 343 1070 tanto
355 1021 406 1070 sihi
415 1017 496 1084 ptura
507 1023 536 1071 in
544 1022 613 1071 hoste
624 1021 827 1084 concupiscenda
836 1021 900 1084 sint,

99 1093 223 1158 ultroque
237 1095 352 1156 praedae
366 1097 449 1144 ituros
463 1095 573 1146 obuiam.
603 1091 733 1144 Necdicta
742 1109 782 1143 res
793 1098 893 1144 moratu

99 1164 174 1230 Quos
187 1181 273 1234 quum
288 1172 359 1218 tanta
373 1164 502 1219 celeritate
517 1165 607 1220 venire
620 1183 666 1219 rex
682 1165 857 1227 addidicisset,
875 1165 903 1218 in

99 1238 192 1310 fugam
214 1238 331 1303 vertitur,
348 1240 516 1312 exercituque
534 1257 594 1294 cum
613 1241 687 1294 omni
700 1247 825 1310 apparatu
840 1238 904 1292 belli

99 1313 199 1377 relicto,
219 1312 245 1366 in
262 1330 374 1386 regnum
387 1332 416 1368 se
425 1314 529 1386 recepit.
559 1314 671 1388 Scythas
684 1315 717 1387 ah
727 1317 847 1386 Aegypto
857 1331 906 1384 pa-

99 1388 177 1442 ludes
197 1387 369 1458 prohihuere:
400 1389 462 1443 inde
483 1389 593 1454 reversi,
617 1389 707 1443 Asiam
731 1387 905 1458 perdomitam

99 1462 256 1535 vectigalem
267 1461 357 1528 secere,
369 1464 472 1518 modico
482 1464 588 1528 tributo,
599 1463 685 1535 magis
696 1463 724 1516 in
735 1461 842 1516 titulum
853 1462 906 1514 im-

99 1537 176 1609 perii,
188 1554 270 1608 quam
284 1537 312 1591 in
328 1537 449 1593 victoriae
456 1538 614 1609 praemium,
629 1537 761 1606 imposito.
787 1535 905 1600 Quinde-

98 1613 152 1666 cim
164 1611 243 1665 annis
253 1612 467 1682 pacandaehsiae
477 1611 617 1674 immorati,
625 1609 904 1681 nxorumdagitatiane

100 1692 266 1750 revocantur,
284 1704 330 1757 per
340 1687 438 1760 legatos
447 1685 674 1740 denuntiantium:
696 1689 725 1738 ni
735 1689 849 1746 redeant,
861 1702 905 1747 so,-

100 1766 183 1816 botem
200 1779 229 1814 se
249 1779 283 1814 cac
302 1766 420 1830 finitimis
434 1767 607 1832 quaesituras,
622 1779 668 1814 aec
680 1777 817 1828 passuras,
833 1769 862 1812 ut
876 1763 904 1812 ia

97 1841 278 1906 posteritatem
297 1835 453 1904 Scytharum
470 1854 549 1905 penus
564 1854 613 1904 per
630 1840 739 1905 seminas
753 1836 904 1888 intercidat.

99 1912 147 1964 His
167 1910 249 1982 igitur
266 1908 328 1964 Asia
342 1927 389 1980 per
408 1911 481 1964 mide
498 1912 657 1982 quingentos
672 1926 754 1963 annos
769 1907 905 1980 vectigalis

99 1985 161 2039 suit.
195 1984 328 2038 Pendendi
343 1985 432 2038 tributi
447 1986 527 2040 smem
543 1987 642 2049 Ninus,
660 2001 707 2038 rcx
721 1983 902 2056 Assyriorum,

98 2061 136 2114 im
174 2060 238 2113 snit.

138 2077 226 2189 pilae.
237 2133 281 2187 IV.
292 2133 343 2188 Sed
352 2133 424 2204 apud
434 2133 544 2206 Scythas
554 2133 641 2188 medio
651 2141 765 2201 tempore
776 2130 828 2184 duo
838 2131 903 2203 regii

97 2211 221 2270 iuvenes,
235 2207 325 2262 Yiinos
340 2207 526 2280 etScoiapitos,
542 2225 587 2280 per
597 2207 736 2262 factionem
745 2205 903 2276 optimatum

98 2285 180 2340 domo
193 2282 280 2354 pulsi,
303 2283 436 2356 ingentem
455 2284 617 2337 iuventutem
635 2297 724 2335 secum
739 2288 854 2340 traxere:
881 2289 906 2334 et

96 2361 125 2414 in
133 2357 314 2429 Cappadociae
323 2375 377 2422 ora,
384 2359 457 2412 iuxta
468 2375 574 2412 amnem
581 2355 772 2410 Thermodonta
782 2354 906 2410 consede-

97 2442 171 2498 runt,
195 2433 380 2504 subiectosque
399 2432 594 2505 Themisoyrios
614 2447 720 2502 campos
734 2446 904 2500 occupavere.

98 2507 138 2563 Ibi
154 2525 202 2578 per
217 2506 315 2561 multos
329 2525 413 2562 annos
423 2506 535 2578 spoliare
545 2506 671 2560 finitimos
683 2505 789 2567 assueti,
801 2501 906 2569 conspi-

97 2583 200 2638 ratione
221 2581 380 2653 popnlorum
398 2599 445 2653 per
464 2580 574 2635 insidias
597 2579 770 2633 trucidantur.
805 2575 904 2625 Horum

96 2674 206 2722 uxores,
218 2673 305 2728 quum
316 2657 434 2711 viderent
443 2654 537 2710 exsilio
547 2654 662 2708 additam
675 2651 821 2706 orbitatem,
832 2658 908 2694 arma

137 2751 258 2804 lusuros.
722 2739 741 2790 Β
