2022 3010
359 194 430 239 LIB.
451 194 505 240 vn„
527 195 606 240 CAP.
629 195 654 240 5.
872 191 904 242 67

70 313 81 324 ,
100 299 140 357 ut,
156 309 242 363 quum
253 290 390 346 Graeciam
400 291 480 347 veluti
491 301 630 364 tempestas
640 294 770 365 quaedam
780 312 905 366 occupas-

100 375 148 431 set,
165 367 233 420 inter
247 365 395 440 Olympum
409 368 593 440 Haemumque
611 377 712 423 montes
726 370 805 424 totius
819 371 904 442 regio-

99 443 143 496 nis
153 459 214 497 eum
225 441 336 512 imperio
348 441 490 497 donaverit.
511 443 563 497 Sed
573 445 720 498 necvirtute
726 445 903 516 minusquam

100 519 241 571 Persarum
259 515 538 590 liberalitateregnum
553 517 697 588 ampliavit.
727 521 776 573 Per
784 519 904 574 ordinem

99 591 195 645 deinde
208 591 381 646 successionis
394 609 508 677 regnum
523 593 687 647 Macedoniae
701 593 734 647 ad
747 595 902 667 Amyntam,

98 665 187 720 iratriS
202 665 259 719 eius
274 665 383 720 Menelai
399 665 494 730 filium,
506 667 634 737 pervenit.
665 668 905 739 Hicquoqueinsi-

99 741 167 814 gnis
181 740 311 794 industria
331 749 356 794 et
369 741 494 795 omnibus
515 741 688 811 imperatoriis
706 742 848 795 virtutihus
863 744 905 796 in·
946 765 950 769 -

98 822 215 869 structus
228 813 293 868 luit:
314 815 362 886 qui
376 833 409 870 ex
424 815 557 888 Eurydice
570 823 620 868 tres
635 815 703 869 lilios
713 815 830 878 sustulit,
844 815 906 870 Ale-

98 889 243 954 xandrum,
264 889 413 944 Perdiccam
434 898 458 943 et
468 890 640 962 Philippum,
657 886 801 944 Alexandri
814 890 906 964 Magni

99 963 250 1019 Macedonis
263 972 373 1033 patrem,
385 973 409 1018 et
420 964 503 1019 tiliam
514 966 671 1038 Euryonen:
693 982 727 1020 ex
740 963 846 1038 Gygaea
858 984 906 1019 au-

99 1047 154 1092 tern
175 1038 343 1104 Archelaum,
366 1039 518 1104 Aridaeum‚
536 1039 691 1094 Menelaum.
722 1039 791 1094 Cum
806 1039 905 1114 Illyriis

98 1113 194 1168 deinde
215 1119 240 1166 et
257 1130 318 1166 curn
333 1113 468 1186 Olynthiis
481 1115 572 1187 gravia
587 1115 653 1169 bella
667 1114 758 1187 gessit.
796 1115 905 1170 Insidiis

98 1187 338 1260 autemEurydices
349 1189 448 1253 uxone,
456 1206 533 1260 quae,
541 1191 646 1259 nuptias
651 1189 739 1262 generi
746 1197 829 1259 pacta,
836 1190 905 1244 occi-

98 1262 219 1317 dendum
232 1263 320 1338 virum
338 1281 504 1336 regnumque
514 1263 631 1320 adultero
645 1263 802 1318 tradendum
814 1280 905 1320 susce-

97 1345 181 1410 perat,
204 1345 346 1408 occupatus
366 1337 467 1402 luisset,
490 1339 518 1391 ni
542 1338 594 1392 lilia
612 1338 762 1410 pellicatum
778 1339 905 1392 matrisel

98 1412 205 1468 sceleris
214 1412 322 1466 consilia
335 1412 503 1483 prodidisset.
535 1413 653 1466 Functus
664 1413 752 1483 itaque
761 1413 905 1483 totpericu-

98 1487 134 1542 lis
150 1505 232 1542 senex
246 1487 364 1553 decessit,
382 1504 464 1560 regno
479 1487 596 1541 maximo
611 1505 644 1540 ex
659 1487 731 1550 filiis,
744 1485 903 1550 Alexandro,

97 1561 203 1618 tradito.

156 1635 225 1691 Car.
246 1637 277 1692 V.
298 1637 381 1710 Igitur
398 1633 548 1690 Alexander
563 1634 630 1688 inter
644 1633 730 1704 prima
745 1632 819 1686 initia
829 1633 906 1706 regni

97 1710 201 1766 bellum
216 1711 249 1765 ab
264 1709 361 1784 Illyriis
374 1718 449 1782 pacta
462 1709 581 1764 mercede
595 1717 620 1762 et
635 1707 757 1779 Philippo
767 1706 845 1762 fratre
857 1708 906 1762 da-

98 1795 124 1840 to
134 1785 227 1840 obside
241 1785 360 1839 redemit.
386 1785 520 1838 Interieoto
530 1801 636 1856 quoque
646 1791 761 1854 tempore
773 1801 820 1855 per
829 1801 906 1838 eum-

99 1861 162 1914 dem
177 1859 297 1914 obsidem
314 1877 377 1915 curn
391 1859 523 1913 Thebanis
536 1859 648 1932 gretiam
658 1860 730 1930 pacis
740 1858 903 1914 reconciliat:

98 1952 170 2007 quae
184 1951 225 1988 res
240 1934 362 2006 Philippo
376 1934 493 1988 maxima
507 1934 666 1988 incrementa
679 1935 798 2007 egregiae
808 1933 906 1990 indolis

98 2009 186 2064 dedit:
208 2009 341 2081 siquidem
361 2009 458 2064 Thebis
473 2009 586 2064 triennio
597 2011 673 2064 obses
689 2010 806 2073 habitus,
818 2009 906 2079 prima

97 2084 227 2156 pucritiae
247 2084 397 2138 rudimenta
415 2083 443 2138 in
463 2085 529 2138 urhe
548 2085 692 2138 severitatis
707 2085 830 2154 antiquae
843 2083 906 2137 etin

97 2160 179 2214 domo
197 2158 404 2230 Epaminondae,
421 2158 520 2212 summi
538 2167 562 2212 et
572 2158 722 2229 philosophi
732 2167 756 2210 et
766 2158 907 2227 Imperato-

97 2235 150 2298 ris,
167 2233 297 2304 deposuit.
327 2235 381 2288 Nec
398 2231 481 2287 multo
497 2242 553 2304 post
569 2232 718 2288 Alexander
731 2232 836 2286 insidiis
849 2233 906 2286 Euss

99 2309 206 2382 rydices
227 2309 318 2362 matris
339 2308 469 2379 appetitus
490 2309 635 2373 occumbit3
651 2307 701 2361 cui
725 2307 854 2381 Amyntas
876 2309 904 2361 in

99 2383 198 2438 scelere
214 2383 390 2454 deprehensae
400 2390 505 2454 propter
515 2400 668 2437 communes
679 2382 783 2448 liberos,
796 2383 905 2456 ignarus

6 2501 8 2514 i
99 2457 201 2512 eisdem
219 2455 379 2530 quandoque
400 2457 536 2512 exitiosam
552 2456 614 2522 lore,
631 2466 786 2528 pepercerat.
816 2458 906 2510 Frater

100 2550 210 2605 quoque
224 2533 282 2586 eius
297 2532 417 2586 Perdicca
427 2533 485 2603 pari
495 2531 652 2585 insidiarum
663 2531 755 2585 fraude
764 2529 908 2595 decipitur,

98 2608 247 2681 Indignum
260 2624 378 2679 prorsus
396 2607 515 2661 libidinis
533 2623 610 2660 causa
626 2606 745 2659 liberosa
761 2607 843 2655 matre
853 2596 906 2646 vita

97 2683 231 2756 privastis,
248 2701 330 2755 quam
344 2682 472 2738 scelerum
486 2699 596 2736 suorum
611 2676 748 2749 suppliciis
764 2674 906 2726 liberorum

719 2763 764 2814 Ea
