2044 3028
151 144 199 194 ⁴88
385 145 537 193 IUSTINI
554 146 710 194 HISTOR.
784 149 785 152 ’

149 249 289 303 comitibus
299 245 473 320 lugiens,ncn
484 247 537 301 iarn
548 246 718 317 recuperandi
728 248 802 320 regni
814 267 903 320 spem,
911 249 955 304 sed

149 323 243 377 salutis
254 321 364 376 latebras
374 339 404 376 ac
414 321 492 395 ingan
501 321 656 376 solitudines
666 331 760 392 captat.
992 333 993 338 ’

203 395 274 451 Car.
290 397 336 452 IV.
356 397 440 469 Igitur
452 397 570 470 Pyrrhus
580 395 608 450 in
622 403 692 450 tanto
703 395 805 469 fastigio
816 399 893 471 regni
904 399 955 454 col-

144 469 256 540 locatus,
270 471 322 525 iarn
334 489 381 524 nec
390 489 429 536 eo,
437 471 469 525 ad
479 471 552 542 quod
562 471 629 525 votis
639 472 849 541 perveniendum
859 473 951 537 luerat,

148 553 294 611 contentus,
310 545 433 600 Graeciae
447 546 667 618 Asiaequeregna
680 546 831 601 meditatur.
862 549 955 620 Neque
992 591 993 612 ,

147 619 188 674 illi
200 621 284 675 maior
296 639 330 674 ex
344 620 454 692 imperio
464 637 545 691 quarn
560 637 593 673 ex
602 619 671 674 bello
681 619 802 692 voluptas
812 630 882 676 erat:
907 639 955 677 neo
992 657 993 668 κ

147 695 293 768 quisquam
311 697 452 770 Pyrrhum,
471 712 524 765 qua
544 694 647 748 tulisset
666 694 804 766 impeturn,
824 697 954 752 sustinere
992 705 993 736 i

147 770 240 826 valuit.
263 770 313 825 Sed
324 779 353 824 ut
366 771 398 824 ad
408 769 569 824 devincenda
580 787 660 842 regna
671 770 786 824 invictus
795 771 950 836 habebatur,
992 805 993 810 =

134 845 183 900 'itu
194 845 303 900 devictis
313 845 505 916 adquisitisque
517 843 632 898 celeriter
641 845 752 899 carebat.
784 846 868 900 Tanto
878 847 953 901 meli·
992 847 993 856 ’

147 937 181 974 us
201 920 322 975 studebat
340 919 478 991 adquirere
500 937 581 992 regna
600 936 682 990 quam
701 920 822 974 retinere.
862 921 954 992 ltaque
992 937 993 946 ¹

147 1012 234 1066 quum
254 995 341 1064 copias
362 995 523 1049 Cherroneso
543 994 753 1064 transposuisset,
777 994 952 1066 legationibus

146 1069 349 1124 Atheniensium
359 1069 802 1140 ethchaeorumMesseniorumque
810 1070 953 1141 excipitur.
992 1127 993 1140 ,

148 1143 198 1197 Sed
207 1143 344 1198 etGraecia
354 1145 442 1198 omnis
453 1144 624 1198 admiratione
634 1143 749 1198 nominis
759 1143 826 1209 eius,
835 1145 918 1199 simul
928 1153 952 1199 et
992 1155 993 1162 ’

147 1235 236 1271 rerum
246 1217 667 1290 adversusRomanosl’oenosque
676 1226 809 1291 gestarum
819 1218 904 1290 gloria
914 1228 953 1274 at·
992 1241 993 1272 1

146 1293 228 1347 tonita
239 1292 384 1348 adventum
394 1293 451 1350 eius
461 1294 636 1366 exspectabat.
667 1294 787 1348 Primum
800 1293 839 1347 illi
850 1293 951 1348 bellum

147 1367 274 1423 adversus
288 1368 430 1440 Spartanos
446 1368 510 1424 luit:
535 1369 582 1422 ubi
596 1368 694 1423 maiore
705 1367 855 1422 mulierum
869 1386 951 1439 quam
992 1365 993 1384 ¹

146 1443 367 1499 virorumvirtnte
376 1443 682 1516 exceptusPtolemaeum
692 1441 778 1497 silium
787 1451 812 1497 et
820 1445 953 1497 exercitus

145 1527 247 1590 partem
262 1519 474 1574 robustissimam
489 1519 591 1573 amisit:
613 1518 712 1590 quippe
726 1518 891 1592 oppugnanti
906 1535 949 1570 ur-

146 1593 218 1658 bem,
227 1594 260 1648 ad
269 1594 376 1650 tutelam
386 1595 484 1666 patriae
494 1601 564 1648 tanta
574 1593 715 1648 multitudo
724 1592 883 1647 feminarum
889 1609 949 1646 con-

147 1669 237 1734 currit,
246 1676 276 1722 ut
285 1687 338 1724 non
348 1667 801 1740 fortiusvictusquamvereoundius
811 1667 946 1722 recederet.

146 1744 226 1797 Porro
244 1742 421 1797 Ptolemaeum
442 1744 528 1798 hlium
543 1742 600 1796 eius
614 1741 677 1796 adeo
687 1749 823 1796 strenuum
833 1750 859 1796 et
869 1759 947 1796 manu

146 1815 238 1870 fortem
258 1816 339 1871 luisse
359 1818 478 1884 tradunt,
500 1825 530 1872 ut
541 1817 633 1871 urbem
647 1816 786 1890 Corcyram
801 1834 863 1872 oum
874 1835 948 1871 sexa-

145 1891 219 1963 ginta
238 1892 347 1962 ceperit;
379 1892 441 1946 item
455 1891 553 1963 proelio
572 1890 659 1946 navali
678 1892 898 1962 quinqueremem
917 1907 947 1944 ex

146 1965 243 2036 scapha
257 1983 317 2020 cum
333 1977 432 2038 septem
447 1966 579 2020 insiluerit
596 1974 751 2037 captamque
771 1968 896 2032 tenuerit3
921 1967 946 2018 in
992 1991 993 2034 q

146 2042 342 2114 oppugnatione
354 2059 461 2114 qnoque
475 2041 663 2112 Spartanorum
680 2041 809 2111 usquein
834 2040 948 2094 mediam
992 2037 993 2100 ἶ

145 2117 241 2170 urbem
255 2134 325 2188 equo
338 2117 503 2187 procurrerit,
521 2116 612 2187 ibique
627 2132 755 2170 concursu
769 2113 951 2169 multitudinis
992 2133 993 2178 ,

146 2191 349 2246 interlectus'sit.
371 2191 454 2246 Cuius
463 2208 558 2261 corpus
569 2197 599 2244 ut
607 2189 718 2244 relatum
728 2189 795 2260 patri
806 2198 854 2254 est,
867 2190 952 2243 dixis-

146 2281 175 2317 se
184 2266 318 2338 Pyrrhum
328 2265 429 2320 ferunt:
448 2269 584 2336 aliquanto
594 2269 696 2319 tardius
705 2281 770 2328 acm,
783 2282 863 2333 quum
874 2269 952 2318 timu·
992 2283 993 2286 ¹

146 2343 197 2390 erit
207 2344 262 2404 ipse
273 2343 314 2393 vet
327 2345 458 2394 temeritas
468 2346 523 2394 etus
532 2344 663 2402 meruerit,
675 2343 788 2393 occisum
798 2356 863 2393 ease.
992 2387 993 2390 ,

202 2409 243 2464 Ca
251 2431 272 2463 r.
289 2413 321 2464 V.
333 2413 465 2482 Repulsus
475 2431 490 2467 a
500 2413 635 2483 Spartanis
646 2413 764 2486 Pyrrhus
774 2413 861 2486 Argos
872 2413 951 2484 petit:
992 2453 993 2460 ,

147 2480 194 2543 ibi,
211 2481 276 2535 dum
291 2485 454 2555 Antigonum
465 2487 492 2540 in
503 2487 569 2541 urbe
580 2486 699 2540 clausum
710 2504 866 2559 expugnare
876 2505 953 2542 oona·
992 2479 993 2550 J

146 2558 198 2614 tur,
212 2554 279 2607 inter
288 2555 491 2613 confertissimos
503 2561 690 2615 violentissime
703 2560 833 2616 dimicans
844 2579 914 2617 saxo
923 2561 954 2615 de
992 2559 993 2624 Ῑ

144 2625 231 2676 muris
251 2627 318 2680 ictus
337 2628 473 2685 occiditur.
504 2633 589 2703 Caput
608 2635 665 2688 eius
678 2635 811 2708 Antigono
826 2635 952 2692 refertur:
992 2625 993 2690 l
