1998 3006
138 198 185 250 l42
370 202 520 246 IUSTINI
536 200 693 248 HISTOR.

136 301 223 356 socius
234 301 395 354 aooessisset:
417 302 500 371 quiet
512 301 568 372 ipse
577 301 689 373 spoliare
697 297 818 372 singulos
827 301 942 371 cupiens

135 375 260 429 omnibus
277 392 305 427 se
315 376 433 445 partibus
445 376 604 430 venditabat.
633 378 723 448 ltaque
732 376 882 429 Tarentinis
893 376 942 430 ad·

137 466 227 504 versus
238 450 368 503 Romanos
379 449 479 504 laturus
489 451 621 505 auxilium
634 452 667 505 ab
677 451 807 522 Antigono
818 451 941 504 navesad
986 483 987 492 ÷

134 524 277 578 exercitum
288 524 316 578 in
327 524 425 578 ltaliam
436 525 626 594 deportandum
638 533 731 578 mutuo
739 525 815 595 petit;
838 525 872 578 ab
883 525 941 578 An·
985 495 988 578 l

135 597 220 652 tiooho
233 599 381 668 pecuniam,
393 600 440 670 qui
451 601 546 670 opibus
555 618 636 671 quam
648 600 777 653 militibus
787 599 942 652 instructior
988 606 989 674 t

136 681 203 740 erat;
230 674 403 727 aPtolemaeo
421 674 592 728 Macedonum
609 675 723 728 militum
740 673 851 728 auxilia.
887 673 941 727 Sed
989 716 990 750 ,

136 747 312 813 Ptolemaeus,
332 750 375 801 oui
391 748 463 802 nulla
481 749 613 802 dilationis
627 767 660 803 ex
673 749 824 803 infirmitate
838 747 939 802 virium
989 753 990 770 ³

138 823 213 876 venia
228 832 303 888 esset,
320 823 535 895 quinquemillia
551 824 678 893 peditum,
694 823 814 894 equitum
824 830 942 894 quatuor
990 823 991 852 r

137 898 231 960 millia,
249 897 400 968 elephantos
414 898 605 970 quinquaginta
618 916 670 952 non
686 897 801 967 amplius
816 914 900 968 quam
912 898 941 950 in
991 941 992 944 ,

138 973 238 1026 biennii
253 989 332 1025 usum
348 971 429 1026 dedit.
459 971 501 1026 Ob
516 972 579 1026 haec
593 973 720 1046 Pyrrhus,
734 971 787 1024 filia
798 970 942 1025 Ptolemaei

137 1047 164 1100 in
182 1047 379 1099 matrimonium
395 1054 505 1116 accepta,
519 1047 651 1100 vindicem
661 1064 722 1099 eum
734 1047 809 1117 regni
818 1044 939 1116 reliquit,

138 1138 171 1174 ne
191 1120 301 1173 abducta
317 1122 345 1173 in
360 1120 461 1173 ltaliam
475 1120 610 1175 iuventute
623 1120 746 1193 praedam
762 1121 885 1174 hostibus
900 1138 942 1173 re-

137 1211 222 1266 gnum
233 1194 400 1264 relinqueret.

192 1268 260 1322 Car.
283 1270 327 1321 lll.
349 1267 399 1321 Sed
419 1269 545 1339 quoniam
564 1269 598 1324 ad
611 1269 684 1340 Epiri
700 1269 858 1323 mentionem
874 1287 942 1322 ven-
994 1275 995 1280 ’

138 1349 246 1406 tumest,
258 1342 289 1396 de
301 1343 402 1414 origine
414 1344 489 1415 regni
499 1344 556 1397 eius
567 1344 861 1414 pauoanarrandasuut.
884 1345 943 1396 lllo-

137 1416 268 1471 lossorum
291 1418 407 1488 primum
431 1418 458 1470 in
478 1435 507 1471 ea
527 1419 632 1494 regione
652 1436 764 1490 regnum
784 1416 843 1471 fuit.
880 1419 943 1471 Post

138 1493 266 1566 Pyrrhus,
283 1492 393 1547 Achillis
404 1492 483 1556 lilius,
499 1493 596 1547 amisso
606 1510 651 1563 per
662 1493 807 1546 absentiam
819 1493 943 1546 Troianis
996 1482 997 1516 i

138 1569 301 1639 temporibus
320 1575 427 1638 paterno
445 1584 525 1640 regno
540 1567 567 1621 in
587 1568 630 1621 his
653 1566 716 1622 locis
734 1566 864 1621 consedit:
892 1567 942 1637 qui

138 1644 283 1711 Pyrrhidae
308 1643 406 1712 primo,
434 1650 521 1712 postea
544 1643 668 1710 Epirotae
699 1641 760 1695 dieti
784 1649 856 1695 sunt.
889 1641 943 1695 Sed

139 1718 267 1788 Pyrrhus,
282 1735 366 1788 quum
377 1718 404 1770 in
414 1715 542 1786 templum
553 1716 681 1771 Dodonaei
688 1716 794 1770 lovisad
800 1715 944 1770 consulen-

139 1790 204 1844 dum
216 1791 336 1855 venisset,
354 1791 391 1844 ibi
406 1793 558 1855 Lanassam,
575 1799 677 1862 neptem
691 1790 819 1855 Herculis,
836 1791 939 1860 rapuit:

139 1882 172 1918 ex
186 1865 262 1918 ouius
279 1866 446 1919 matrimonio
460 1873 516 1919 octo
530 1865 623 1920 liberos
633 1865 748 1920 sustulit.
769 1866 811 1918 Ex
821 1865 862 1918 his
874 1882 943 1918 non-

140 1936 226 1992 nullas
242 1938 359 2010 virgines
375 1949 489 2009 nuptum
500 1940 620 1994 liuitimis
630 1941 737 2012 regibus
746 1939 852 1993 tradidit
863 1955 942 2010 opes-

139 2031 191 2084 que
204 2011 370 2067 adfinitatum
385 2012 484 2067 auxilio
497 2031 607 2087 magnas
617 2015 731 2085 paravit:
753 2021 832 2086 atque
844 2014 879 2068 ita
890 2014 942 2067 He-

140 2087 208 2151 len0,
225 2087 279 2142 lilio
293 2087 390 2141 Priami
406 2087 483 2160 regis,
502 2089 536 2142 oh
553 2089 711 2144 industriam
726 2088 888 2160 singularem
900 2105 941 2142 re·

139 2181 224 2237 gnum
238 2162 375 2218 Chaonum
392 2171 417 2216 et
431 2163 631 2218 Andromachen
650 2163 765 2218 Hectoris
780 2180 794 2217 e
806 2163 942 2217 matrimo-

140 2239 184 2292 nio
198 2255 255 2302 suo,
267 2255 348 2310 quam
360 2237 387 2291 in
401 2237 530 2292 divisione
539 2239 663 2292 Troianae
673 2237 783 2308 praedae
797 2245 938 2307 acceperet,

139 2329 248 2364 uxorem
265 2313 384 2379 tradidit;
411 2312 537 2383 brevique
551 2321 609 2383 post
625 2321 738 2383 tempore
752 2312 858 2378 Delphis
874 2312 941 2365 iusi-

139 2383 191 2434 ‹liis
201 2384 314 2448 Orestae,
327 2387 375 2439 lilii
385 2388 600 2458 Agamemnonis,
612 2388 678 2441 inter
688 2387 777 2441 altaria
784 2387 937 2441 deiinteriit.

140 2455 278 2510 Successor
299 2460 363 2512 huic
377 2461 460 2513 Piales
476 2459 547 2513 silius
562 2461 620 2515 luit.
650 2463 698 2515 Per
711 2462 831 2516 ordinem
845 2459 939 2514 deinde

139 2544 251 2596 regnum
270 2531 302 2582 ad
318 2533 481 2605 Tharrybam
493 2535 638 2589 deseendit:
660 2535 703 2589 oui
714 2537 839 2606 quoniam
850 2534 939 2606 pupil-

140 2597 182 2647 lus
203 2607 228 2649 et
250 2603 346 2654 unicus
365 2622 398 2656 ex
417 2615 494 2676 gente
516 2607 596 2663 nobili
615 2618 789 2679 superesset,
804 2611 939 2664 intentiore

142 2682 259 2721 nmmum
270 2687 331 2726 eura
342 2679 464 2731 servandi
473 2680 718 2756 eiuseduoandique
726 2684 832 2754 publiea
843 2692 940 2740 tutores
