1998 3006
331 175 403 222 LIB.
423 177 494 223 m.
525 178 604 224 cAP.
624 179 649 225 2.
842 173 890 225 l53

87 275 267 348 magnitudini
287 276 372 403 patris
392 274 582 332 successerunt.
614 279 661 330 His
674 277 788 331 ducibus
802 277 891 332 Sardi-
982 305 983 310 =

87 351 148 404 niae
165 350 266 404 bellum
284 369 293 403 1
306 351 402 406 latum:
426 352 553 408 adversus
567 351 643 406 Afros
658 365 764 424 quoque
778 353 889 426 vectigal

87 441 136 494 pro
148 424 203 478 solo
218 425 293 478 urhis
313 425 456 479 multorum
475 444 605 481 annorum
624 435 766 498 repetentes
780 427 892 482 dimica·
982 443 983 496 j

87 506 156 553 tum.
187 499 239 552 Sed
255 498 376 553 Afrorum
390 500 467 554 sicuti
482 517 560 554 causa
579 501 680 565 iustior,
696 501 731 554 ita
748 509 773 554 et
787 500 890 555 fortuna

86 573 208 644 superior
224 572 286 639 iuit3
309 573 462 647 bellumque
475 592 537 628 cum
554 575 597 628 his
612 575 740 628 solutione
754 575 888 644 pecuniae,

87 665 142 702 non
167 648 249 700 armis
270 647 384 702 finitum.
423 649 454 703 In
475 648 595 703 Sardinia
616 666 723 720 quoque
744 649 892 704 Hasdrubal

85 722 204 794 graviter
213 721 373 787 vulneratus,
387 723 497 792 imperio
506 722 646 776 Hamilcari
657 721 730 776 fratri
742 723 891 787 tradito,in-

85 797 170 849 teriit:
192 797 270 849 cuius
285 805 394 850 mortem
409 814 495 868 quum
510 796 596 850 luctus
611 796 732 860 civitatis,
745 804 837 850 tumet
850 796 896 850 di-

86 879 203 924 ctaturae
219 871 340 924 undecim
355 878 379 924 et
393 871 520 942 triumphi
534 879 647 942 quatuor
657 871 788 943 insignem
800 869 890 927 fecere.

85 944 215 998 Hostibus
229 961 337 1016 quoque
349 961 452 998 crevere
466 945 557 1009 animi,
577 945 657 1000 veluti
671 961 733 999 cum
746 945 813 999 duce
823 946 895 1000 vires

86 1017 238 1073 Poenorum
252 1019 414 1072 cecidissent.
445 1021 535 1091 ltaque
546 1020 649 1074 Siciliae
662 1020 776 1091 populis,
790 1029 895 1092 propter

86 1093 215 1147 adsiduas
229 1093 486 1166 Carthaginiensium
502 1094 612 1149 iniurias
627 1094 661 1148 ad
675 1095 827 1159 Leonidam,
841 1094 896 1148 ira-

87 1176 155 1222 trem
169 1167 239 1240 regis
249 1168 447 1238 Spartanorum,
462 1169 687 1233 concurrentibus,
702 1187 782 1242 grave
792 1168 894 1224 bellum

87 1251 197 1309 natum,
220 1241 249 1295 in
262 1259 316 1312 quo
328 1249 354 1296 et
367 1242 413 1295 diu
428 1252 452 1295 et
462 1243 535 1297 varia
549 1243 654 1298 victoria
665 1243 891 1314 proeliatumufuit.

86 1319 159 1371 Dum
170 1317 236 1370 haec
245 1324 369 1388 aguntur,
387 1316 464 1388 legati
475 1335 489 1370 a
500 1318 585 1382 Dario,
597 1319 736 1372 Persarum
749 1337 819 1391 rege,
831 1319 895 1373 Car·
982 1387 983 1390 Ἴ

85 1391 228 1464 thaginem
239 1398 376 1455 venerunt,
391 1391 535 1444 adserentes
546 1392 670 1456 edictum,
685 1409 739 1463 quo
749 1393 828 1447 Poeni
842 1393 893 1445 hu-

86 1483 184 1520 manas
195 1466 293 1518 hostias
303 1464 439 1520 immolare
449 1474 472 1519 et
483 1465 576 1520 canina
589 1465 659 1520 vesci
670 1466 893 1536 prohibebantur;

85 1537 312 1609 mortuorumque
324 1556 431 1610 corpora
444 1557 558 1594 cremare
569 1539 664 1610 potius,
677 1557 758 1610 quam
772 1549 838 1593 terra
848 1540 898 1592 ob-

85 1608 176 1678 ruere,
190 1631 274 1686 arege
284 1614 457 1680 iubebantur3
478 1621 593 1684 petentes
603 1613 683 1666 simul
695 1611 796 1668 auxilia
804 1613 898 1667 aduer-

84 1708 138 1744 sus
159 1688 306 1752 Graeciam,
327 1689 369 1742 cui
384 1687 505 1742 illaturus
525 1687 625 1740 bellum
643 1687 737 1740 Darius
751 1695 815 1742 erat.
845 1686 896 1741 Sed

85 1763 323 1834 Carthaginienses
334 1762 432 1817 auxilia
448 1769 573 1834 negantes
583 1771 687 1832 propter
694 1761 804 1816 adsidua
816 1761 897 1814 finiti-

85 1855 198 1892 morum
210 1837 287 1900 bella,
295 1837 394 1901 ceteris,
402 1855 435 1891 ne
445 1854 491 1908 per
500 1837 589 1890 omnia
599 1844 765 1890 contumaces
775 1837 898 1891 videren-

84 1923 144 1976 tur,
162 1910 258 1982 cupide
268 1929 386 1982 paruere.

148 1987 218 2042 Can.
237 1987 270 2039 H.
293 1987 389 2040 interea
404 1985 536 2039 Hamilcar
549 1984 618 2040 bello
632 1985 762 2040 Siciliensi
773 1983 898 2038 interlici-

84 2071 145 2125 tur‚
168 2059 265 2114 relictis
280 2061 365 2113 tiibus
381 2059 452 2124 liliis,
469 2059 604 2124 lmiloone,
621 2061 759 2123 Hannone,
776 2059 897 2112 Giscone.

85 2134 253 2190 Hasdrubali
268 2151 375 2205 quoque
389 2152 435 2204 par
450 2151 576 2187 numerus
587 2133 702 2187 tiliorum
713 2132 774 2186 luit:
796 2132 899 2185 Hanni-

85 2209 173 2265 balet
187 2207 334 2262 Hasdrubal
346 2218 371 2262 et
380 2205 495 2278 Sappho.
527 2210 574 2262 Per
585 2208 632 2262 hos
646 2225 687 2261 res
698 2206 900 2278 Carthaginien-

85 2286 166 2338 sium
177 2301 206 2338 ea
217 2291 368 2352 tempestate
376 2283 544 2356 gerebantur.
555 2285 645 2354 ltaque
655 2288 679 2336 et
689 2281 788 2336 Mauris
797 2280 898 2335 bellum

87 2359 198 2414 illatum
208 2366 234 2412 et
243 2358 371 2412 adversus
381 2357 510 2411 Numidas
520 2365 668 2430 pugnatum
679 2363 703 2410 et
712 2355 769 2410 Afri
779 2354 899 2426 compul-

87 2433 118 2487 si
128 2433 292 2503 stipendium
303 2432 378 2486 urhis
388 2431 506 2486 conditae
513 2431 775 2504 Carthaginiensibus
786 2431 901 2485 remitte-

86 2525 133 2562 re.
163 2507 277 2570 Deinde,
298 2523 384 2577 quum
397 2505 497 2560 familia
516 2514 585 2559 tanta
603 2506 790 2576 imperatorum
809 2501 901 2574 gravis
950 2513 953 2519 ·

88 2582 193 2636 liberae
204 2580 303 2636 civitati
313 2589 389 2644 esset,
401 2581 544 2650 omniaque
554 2579 606 2650 ipsi
616 2586 722 2652 agerent
732 2576 810 2630 simul
823 2582 848 2626 et
857 2574 900 2624 iu-

84 2656 502 2721 dicarent,centumexnumero
512 2645 902 2715 senatorumiudicesdeligun-
944 2725 946 2727 ι
