2016 3028
327 192 397 236 LIR.
417 193 503 238 XLIII.
534 193 612 238 CAP.
634 193 659 236 1.
842 185 892 236 265

1 345 2 348 ,
98 289 176 345 viriis
184 289 254 344 servi
264 307 325 344 cum
335 290 449 347 dominis
460 269 621 346 recumbant.
644 293 733 363 ltaque
741 288 813 344 ltalia
823 289 892 362 regis

99 366 203 420 nomine
221 364 342 420 Saturnia
356 364 483 437 appellata
497 375 548 434 est;
570 375 595 420 et
608 383 693 432 mons,
711 366 738 418 in
748 382 801 436 quo
817 363 893 418 habi-

99 439 175 505 tabat,
188 439 340 494 Saturnius:
353 441 381 494 in
391 457 445 512 quo
455 459 535 506 nunc,
549 441 629 496 veluti
642 443 726 494 alove
735 439 813 510 pulso
822 439 892 493 sedi-

98 513 148 568 bus
156 515 213 569 suis
224 513 344 580 Saturno,
357 515 513 586 Capitolium
526 523 574 570 est.
603 516 664 569 Post
672 515 743 569 huno
752 513 826 569 tertio
837 514 904 568 loco

99 606 219 662 regnasse
232 591 356 644 Faunum
370 588 469 658 lerunt3
491 591 542 645 sub
558 607 613 662 quo
628 588 750 644 Euander
764 589 798 643 ab
812 588 892 643 Aroa-

97 663 154 719 diae
167 664 233 719 urbe
246 662 377 720 Pallanteo
393 665 421 719 in
435 665 536 719 ltaliam
550 683 611 719 curn
625 663 749 718 mediocri
759 663 835 717 turba
844 681 893 734 po-

96 738 229 809 pularium
245 739 328 794 venit:
349 740 393 793 cui
406 741 513 794 Faunus
522 747 547 794 et
557 757 632 812 agros
641 747 666 793 et
675 745 798 802 montem,
811 755 892 810 quem

98 812 140 868 ille
156 821 243 886 postea
253 813 382 869 Palatium
391 812 539 886 appellavit,
550 814 664 886 benigne
674 813 831 886 adsignavit.
861 813 892 866 ln

97 889 177 943 huius
197 888 329 944 radicibus
342 888 471 959 templum
484 889 592 963 Lycaeo,
609 906 688 960 quem
703 887 794 942 Graeci
811 889 890 952 Paua,

96 963 208 1018 Romani
222 965 371 1034 Lupercum
385 962 524 1034 appellant,
537 963 681 1018 constituit:
703 963 791 1034 ipsum
804 961 846 1015 dei
856 961 893 1015 si-

0 1070 1 1109 g
96 1037 246 1092 mulacrum
255 1038 358 1093 nudum
368 1039 473 1110 caprina
483 1037 550 1109 pelle
560 1038 684 1092 amictum
694 1045 741 1102 est,
753 1053 806 1109 quo
816 1036 893 1090 habi-

0 1114 1 1183 ]
96 1120 123 1166 tu
142 1130 217 1167 nuno
227 1113 325 1167 Romae
335 1111 523 1184 Lupercalibus
543 1113 699 1167 decurritur.
732 1113 824 1166 Fauno
843 1109 894 1166 fuit

96 1205 161 1243 uxor
179 1187 285 1242 nomine
299 1187 390 1252 Fatua,
401 1205 469 1259 quae
476 1187 585 1243 adsidue
595 1187 686 1242 divino
695 1186 789 1258 spiritu
800 1185 894 1258 imple-

97 1268 120 1315 ta
131 1261 204 1317 velut
216 1267 263 1332 p'er
273 1260 386 1316 furorem
396 1261 484 1317 lutura
494 1263 687 1334 praemonebat.
709 1261 783 1317 Unde
795 1261 891 1324 adhue,

0 1320 1 1345 ³
96 1337 143 1408 qui
157 1336 282 1408 inspirari
297 1335 387 1399 solent,
403 1342 504 1406 fatuari
523 1337 656 1392 dicuntur.
685 1338 727 1392 Ex
740 1335 794 1391 filia
808 1335 893 1391 Fauni

0 1420 1 1427 ’
95 1419 120 1466 et
138 1410 258 1476 Hercule,
282 1411 330 1481 qui
349 1410 438 1465 eodem
451 1419 565 1483 tempore
578 1413 705 1468 exstincto
718 1410 839 1486 Geryone
852 1429 895 1465 ar-

64 1511 65 1516 1
96 1495 192 1551 menta,
212 1485 334 1539 victoriae
353 1486 478 1556 praemia,
493 1503 539 1558 per
554 1486 654 1541 ltaliam
669 1485 789 1551 ducebat,
803 1493 894 1556 stupro

96 1567 237 1632 conceptus
260 1560 370 1614 Latinus
393 1568 550 1632 procreatur.
585 1561 644 1628 Quo
661 1567 763 1615 tenente
782 1576 894 1633 reguum

96 1641 198 1690 aeneas
213 1636 247 1688 ab
260 1634 308 1690 llio
317 1635 532 1690 TroiaaGraecis
542 1643 690 1709 expugnata
701 1635 729 1689 in
739 1632 840 1689 ltaliam
851 1649 895 1686 ve-
945 1693 949 1698 ⁸
993 1701 995 1708 γ

1 1713 2 1752 ³
96 1710 147 1778 nit3
169 1710 312 1781 statimque
325 1708 393 1764 bello
407 1718 540 1781 exceptus,
557 1727 643 1782 quum
658 1710 685 1765 in
701 1709 783 1764 aciem
797 1707 896 1762 exerci-

94 1794 153 1840 tum
168 1784 312 1848 eduxisset,
325 1785 358 1839 ad
364 1783 525 1857 colloquium
537 1793 642 1856 vocatus
652 1791 750 1838 tantam
761 1782 895 1838 admirati-

94 1877 173 1915 onem
187 1859 230 1914 sui
245 1859 337 1915 Latino
349 1860 477 1931 praebuit,
492 1867 522 1914 ut
535 1859 600 1915 etin
614 1859 761 1914 societatem
771 1858 845 1932 regni
855 1875 896 1912 re-

95 1935 226 2006 ciperetur
238 1941 264 1988 et
277 1934 386 1989 Lavinia
402 1935 430 1989 in
445 1935 643 1991 matrimonium
656 1933 680 1988 ei
690 1933 748 1989 data
759 1951 839 2007 gener
849 1932 896 1987 ad-

94 2010 259 2064 scisceretur.
288 2010 348 2063 Post
361 2008 425 2064 haec
441 2026 580 2064 commune
592 2009 731 2081 utriusque
740 2008 839 2064 bellum
849 2006 895 2062 ad-

96 2100 191 2138 versus
209 2083 339 2148 Turnum,
361 2083 517 2138 liutulorum
531 2080 628 2158 regem,
646 2091 750 2155 propter
764 2083 896 2138 fraudatas

93 2157 223 2213 Lauiniae
236 2159 341 2229 nuptias
355 2157 418 2226 luit;
441 2158 536 2230 in-quo
549 2167 574 2222 et
583 2159 689 2213 Turnus
701 2165 726 2212 et
735 2158 844 2212 Latinus
854 2156 895 2210 in-

94 2233 232 2288 terierunt.
261 2233 345 2306 Igitur
358 2251 445 2307 quum
459 2233 560 2287 Aeneas
574 2233 631 2287 iure
644 2232 766 2287 victoriae
784 2239 896 2303 utroque

95 2307 197 2380 populo
226 2308 366 2378 potiretur,
393 2308 486 2362 urbem
516 2308 623 2362 nomine
644 2308 735 2362 rixoris
754 2307 895 2362 Lavinium

95 2381 225 2438 condidit.
255 2381 358 2437 Bellum
373 2382 469 2438 deinde
482 2382 608 2437 adversus
622 2381 790 2452 Mezentium,
809 2396 896 2453 regem

32 2465 33 2468 ’
94 2458 279 2523 Etruseorum,
296 2457 425 2530 gessit2in
436 2474 490 2529 quo
500 2475 585 2529 quum
597 2457 652 2528 ipse
663 2455 807 2518 occidisset,
821 2455 848 2508 in
858 2451 897 2506 lo-

96 2547 160 2585 cum
174 2531 233 2586 eius
248 2531 377 2587 Ascanius
392 2530 463 2586 filius
473 2532 610 2600 successit;
631 2531 679 2603 qui
691 2530 801 2585 Lavinio
811 2527 898 2582 relicto

94 2607 217 2733 Lonpam
233 2605 328 2662 Albam
338 2606 463 2672 condidit,
473 2623 542 2678 quae
552 2606 670 2661 trecentis
680 2605 757 2659 annis
767 2609 845 2674 caput
858 2617 899 2655 re-

93 2680 143 2753 gni
164 2680 214 2736 uit.
