2022 3010
361 158 433 218 nrn'.
454 173 485 219 v.
516 175 593 220 cen.
615 173 638 220 r.
870 171 898 222 tt

96 273 157 328 sine
172 272 301 326 exercitus
313 273 542 344 roboreexpletur.
573 273 624 328 Sed
634 289 687 328 non
698 291 823 347 magnam
834 275 904 328 bello

96 364 200 402 moram
209 355 278 401 aetas
288 345 349 401 fecit
357 347 485 415 rmhclhs
502 348 647 402 caeduntur
654 367 765 420 passim
777 347 904 422 autfugi-

96 430 170 478 entes
188 423 296 493 capiunt
297 441 342 477 ur:
374 431 496 494 tantaque
510 432 610 498 strages
630 431 675 478 aut
694 423 839 478 occisorum
857 433 903 478 aut

97 497 262 569 captivorum
277 495 336 562 fuit,
352 496 412 552 utA
414 481 591 556 theniensium
602 498 717 552 deletum
732 515 785 552 non
794 498 897 569 imperi-

97 591 147 628 um
156 579 269 637 tanturn,
281 573 462 627 verumetiam
478 591 574 627 nomen
587 573 687 628 videret
677 581 729 628 t.ur
760 572 818 639 Quo
826 591 902 644 prce-

98 647 135 702 iio
146 647 253 718 perditis
264 655 288 700 et
297 647 438 720 desperatis
449 649 537 712 rebus
551 647 584 702 ad
597 655 696 702 tantam
706 648 821 733 inopiam
833 649 902 702 redi-

96 729 208 796 guntur,
225 729 264 786 ut,
278 731 415 776 consumta
429 689 537 776 militari
550 730 639 788 aetate,
655 722 801 794 peregrinis
811 723 903 782 civita,-

97 806 165 862 tem,
179 797 262 850 servis
278 796 434 862 libertatem,
451 798 583 852 damnatis
598 797 782 883 impunitatem
799 795 901 851 darent

97 873 140 926 Ex
151 889 204 943 qua
214 870 362 926 colluvione
372 839 512 926 honiinum
525 871 670 942 conscripto
679 871 803 936 exercitu
817 871 902 925 domi·

96 947 126 1002 ni
137 955 211 1000 antea
222 946 391 1011 Graeciae,
365 965 413 1002 vur
423 947 567 1001 libertatem
579 948 729 1001 tuebantur.
755 948 853 1000 Iterum
864 954 903 1001 ta-

97 1039 161 1078 men
179 1020 310 1076 fcrtunnm
328 1022 410 1075 maris
429 1021 614 1092 experiendam
634 1022 786 1076 decernunt.
820 1023 903 1076 Tanta

99 1097 184 1150 virtus
195 1097 345 1152 animorum
355 1105 462 1161 erctut,
470 1115 555 1169 quum
566 1097 655 1168 paullo
666 1106 724 1152 ante
734 1096 845 1152 salutem
857 1098 903 1152 de-

96 1172 270 1243 speraverint,
288 1189 359 1226 nunc
369 1189 421 1226 non
432 1171 569 1243 desperent
580 1173 724 1227 victoriam.
755 1172 806 1226 Sed
816 1190 903 1244 neque

97 1248 121 1300 is
132 1246 210 1300 miles
220 1254 281 1312 erat,
294 1247 342 1318 qui
352 1264 447 1301 nomeu
457 1247 659 1302 Atheniensium
668 1255 796 1316 tueretur3
816 1265 903 1319 neque

96 1340 144 1376 ene
159 1322 238 1386 vires,
254 1322 353 1392 quihus
366 1323 470 1378 vincere
484 1331 653 1389 consuerant;
675 1340 761 1394 neque
776 1340 804 1376 ea
818 1323 904 1376 seien-

96 1398 133 1452 tia
148 1397 271 1450 militaris
285 1397 313 1451 in
329 1396 380 1462 his,
397 1415 464 1470 quos
478 1397 655 1463 vincula,non
669 1406 753 1452 castra
767 1397 904 1450 continue-

95 1481 168 1526 rant.
199 1473 289 1544 Itaque
301 1490 393 1526 omnes
411 1481 456 1527 aut
473 1474 542 1544 capti
557 1481 601 1527 aut
620 1473 708 1527 occisi.
742 1471 831 1536 Ouum
846 1471 903 1524 dux

97 1548 189 1602 Conon
200 1563 233 1600 cn
246 1564 276 1601 co
289 1546 386 1618 proelio
396 1547 569 1619 superfuisset
581 1547 663 1612 solus,
675 1545 855 1600 crudelitatem
866 1545 903 1598 ci-

99 1623 186 1688 vium·
196 1630 330 1687 metuens,
351 1639 412 1676 cum
426 1631 483 1679 octo
497 1623 613 1678 navibus
626 1621 659 1675 ad
674 1637 762 1694 regem
773 1619 902 1692 Cyprium

97 1697 218 1752 concedit
229 1698 389 1770 Euagoram.

154 1771 225 1826 Cro.
237 1772 291 1827 VH.
312 1772 346 1826 At
355 1772 410 1827 dux
420 1773 694 1836 Lacedaemoniorum,
707 1773 785 1827 rebus
795 1770 903 1826 feliciter

96 1847 189 1920 gestis,
205 1845 324 1902 fortunae
337 1847 453 1902 hostium
468 1848 589 1915 insultat;
611 1849 728 1919 captivas
744 1865 825 1903 naves
840 1865 902 1902 oum

95 1921 195 1994 praeda
210 1921 303 1976 bellica
317 1923 345 1976 in
361 1923 489 1994 triumphi
502 1923 611 1978 modum
622 1930 725 1977 ornatas
736 1924 815 1977 mittit
823 1925 904 1977 Lace-

95 1997 241 2065 daemona;
264 2015 295 2050 ac
306 1998 456 2052 tributarias
470 1998 672 2053 Atheniensium
687 1998 817 2060 civitatee,
835 2015 903 2068 quas

95 2080 188 2128 metus
197 2072 293 2127 dubiae
301 2072 364 2126 belli
374 2071 492 2127 fortunae
503 2073 530 2127 in
542 2073 593 2128 fide
604 2080 729 2138 tenuerat,
742 2072 903 2128 voluntarias

94 2146 208 2218 recepit:
230 2165 278 2202 neo
289 2147 362 2202 aliud
372 2147 478 2202 ditionis
489 2147 689 2202 Atheniensium
698 2155 800 2217 praeter
809 2147 903 2200 urbem

96 2221 322 2294 ipsamreliquit.
354 2223 426 2288 Quae
446 2231 538 2276 cuncta
557 2240 642 2294 quum
656 2221 765 2276 Athenis
785 2222 904 2276 nuntiata

93 2305 197 2360 essent,
212 2315 318 2363 omueS,
337 2295 433 2352 relictis
447 2296 579 2362 domibus,
594 2315 640 2368 per
652 2297 745 2352 urbem
758 2297 904 2352 discurrere

96 2371 205 2444 pavidi:
227 2372 295 2426 alius
310 2371 392 2427 alium
407 2373 546 2440 sciscitari}
569 2381 700 2428 auctorem
717 2373 804 2428 nuntii
814 2373 904 2444 requi-

95 2461 173 2510 rero;
195 2464 245 2501 non
256 2464 351 2518 pueros
361 2447 547 2518 imprudentia,
560 2461 612 2500 non
623 2465 699 2501 senes
709 2447 838 2510 debilitas,
850 2463 903 2498 non

94 2518 227 2576 muheres
236 2539 317 2576 sexus
327 2521 494 2576 imbecillitas
504 2521 576 2576 domi
588 2529 668 2576 tenet:
681 2521 745 2576 adeo
755 2522 789 2576 ad
798 2533 904 2573 omnem

95 2595 211 2651 aetatem
225 2597 290 2650 tanti
305 2596 368 2650 mati
378 2614 472 2651 sensus
485 2604 674 2682 penetraverat.
705 2597 735 2648 ln
745 2593 801 2646 foro
810 2587 905 2642 deinde

90 2673 210 2738 codunt3
249 2677 328 2743 atque
349 2671 387 2726 ibi
406 2672 505 2744 perpeti
525 2679 599 2726 nocte
618 2669 751 2724 fortunam
770 2661 911 2733 publicam¹

683 2757 740 2808 DQ
