1998 3006
334 168 403 212 LIB.
424 169 480 213 XII.
511 169 589 215 cAP.
611 170 653 215 12.
847 165 895 216 l09

93 267 192 325 pariter
208 270 238 321 in
252 270 375 322 militiam
389 272 467 322 lectos
476 275 580 337 pariter
594 279 757 324 sacramento
770 272 839 324 solvi
851 289 897 324 ae-

93 351 170 401 quum
182 349 348 412 *censentesi
359 359 408 396 nec
422 343 476 397 iam
491 343 623 414 precibus,
641 345 687 398 sed
702 345 820 398 convicio
835 362 897 417 age-

94 407 162 476 bant,
175 413 296 471 iubentes
306 435 363 471 eum
372 421 458 475 salum.
465 437 523 472 oum
530 429 607 486 patre
619 437 667 473 suo
676 421 818 473 Hammone
828 425 896 474 inire

93 485 166 551 bella,
180 502 309 560 quatenus
321 496 416 546 milites
430 511 492 546 suos
502 498 630 562 fastidiat.
661 493 755 548 Contra
770 493 815 547 ille
824 511 896 548 nunc

92 562 218 635 castigare
227 566 334 631 milites,
346 585 419 621 nnnc
429 567 534 621 lenibus
544 569 632 621 verbis
642 585 757 633 monere,
768 587 800 622 ne
812 573 896 637 plor-i-

93 650 162 690 ssam
171 644 295 696 militiam
304 646 472 697 seditionibus
482 647 650 712 infestarent.
680 643 722 696 nd
732 651 895 714 postremum

91 724 174 779 quum
191 716 281 770 verbis
297 715 365 770 nihil
374 717 516 787 proficeret,
529 717 562 770 ad
572 717 750 786 corripiendos
760 717 896 770 seditionis

89 794 207 867 auctores
232 809 246 844 e
269 788 397 844 tribunali
422 793 449 846 in
469 793 622 846 concionem
641 799 768 844 armatam
787 791 896 844 inermis

92 875 146 928 lpse
169 865 269 918 desiliit
290 867 439 920 et·ncmine
453 867 608 937 prohibente
624 865 746 919 tredecim
767 873 896 936 correptos
976 871 977 878 ’

90 951 228 994 manusua
238 940 295 1011 ipse
304 941 337 994 ad
347 940 477 1012 supplicia
491 941 577 996 duxit.
600 942 709 996 Tantam
721 939 763 996 vel
774 939 828 993 illis
839 957 898 994 mo-

91 1009 174 1066 riendi
191 1015 345 1086 patientiam
355 1023 441 1070 metus
455 1016 524 1088 regis
534 1016 575 1070 vel
586 1017 649 1070 huic
659 1015 782 1089 exigendi
793 1014 897 1086 suppli·

87 1084 121 1139 cii
132 1090 307 1144 constantiam
323 1089 462 1161 disciplina
473 1091 594 1144 militaris
605 1091 692 1146 dabat.

144 1163 215 1218 Cin.
237 1165 295 1220 XII.
316 1165 380 1218 Inde
390 1166 530 1235 separatim
541 1165 640 1220 auxilia
651 1167 790 1220 Persarum
801 1165 829 1218 in
835 1181 897 1218 con-

87 1235 162 1292 cione
173 1238 339 1310 adloquitur.
359 1239 461 1294 Laudat
470 1249 622 1311 perpetuam
634 1240 741 1295 illorum
752 1247 809 1294 tum
819 1239 846 1293 in
857 1255 894 1305 se,

86 1317 145 1366 tum
160 1313 189 1368 in
201 1314 327 1385 pristinos
337 1331 411 1387 reges
419 1315 511 1382 fidem,
524 1333 571 1369 sua
582 1316 610 1369 in
621 1315 680 1369 illos
690 1315 816 1369 beneficia
826 1331 899 1368 com-

87 1397 233 1444 memorat:
255 1398 284 1442 at
293 1407 434 1458 numquam
444 1395 520 1458 quasi
530 1395 618 1454 victos,
629 1395 674 1444 sed
684 1394 763 1444 ueluti
771 1394 898 1444 uictoriae

84 1469 172 1518 socios
187 1468 308 1518 babuerit
312 1483 322 1532 ,·
342 1468 451 1534 denique
468 1482 495 1518 se
505 1469 533 1518 in
542 1468 655 1528 illorum,
667 1468 789 1518 nonitlos
798 1466 827 1516 in
836 1481 899 1532 qen-

86 1541 121 1591 tir
145 1557 212 1594 suae
230 1557 327 1593 morem
348 1544 486 1606 transisse;
515 1542 694 1607 adfinitatibus
714 1541 900 1591 connubiorum

87 1615 172 1668 uictos
181 1617 326 1668 uictoribus
335 1617 475 1668 miscuisse.
496 1613 573 1668 Nunc
584 1630 691 1682 quoque,
704 1612 748 1676 ait,
757 1611 900 1666 custodiam

86 1693 210 1756 eorporis
227 1692 270 1742 sui
282 1705 335 1742 non
347 1690 533 1745 Macedonibus
548 1696 648 1741 tantum
661 1705 696 1750 sc,
713 1703 803 1741 oerum
812 1695 836 1740 ct
846 1690 900 1740 iltis

88 1768 262 1818 crediturum.
296 1763 383 1834 Atque
399 1764 434 1816 ita
451 1761 525 1816 millo
539 1779 572 1816 ex
585 1761 628 1815 his
643 1761 752 1816 iuvenes
766 1762 794 1814 in
806 1779 901 1814 nume-

86 1853 151 1891 rum
172 1836 317 1892 satellitum
338 1837 414 1905 leit,
444 1836 605 1891 auxiliorum
623 1855 730 1908 quoque
753 1837 900 1908 portionem

84 1911 232 1968 formatam
242 1913 271 1966 in
281 1855 450 1984 disciplinam
459 1912 632 1967 Macedonum
646 1912 771 1967 exercitui
786 1929 835 1966 suo
849 1911 901 1965 mi-

85 1995 150 2042 scet.
185 1987 273 2054 Quam
296 2005 351 2042 rem
372 2005 449 2061 aegre
467 1988 619 2042 Macedones
634 1987 759 2051 tulerunt,
777 1987 901 2040 iactantes

84 2061 181 2118 hostes
201 2081 264 2118 suos
282 2063 311 2116 in
326 2062 443 2118 officium
457 2081 568 2116 suumn
588 2080 648 2134 rege
661 2062 801 2116 subiectos,
827 2061 902 2114 Tunc

85 2138 214 2194 universi
233 2137 324 2192 flentes
342 2155 431 2210 regem
452 2137 563 2192 adeunt:
585 2144 668 2201 orant,
690 2137 827 2203 suppliciis
846 2139 902 2188 suis

84 2219 179 2282 potins
189 2221 327 2268 saturatae
344 2230 423 2282 quam
434 2215 601 2266 contumetiis.
630 2211 688 2276 Qua
698 2209 825 2264 modestia
834 2209 902 2263 obti-

85 2295 220 2352 nuerunt,
236 2295 267 2342 ut
279 2287 404 2342 undecim
419 2286 502 2340 millia
516 2286 633 2340 militum
649 2294 832 2340 veteranorum
856 2303 903 2338 ex-

85 2370 248 2418 auctoraret.
270 2362 322 2416 Sed
333 2371 400 2416 etex
412 2361 504 2416 amicis
515 2361 619 2416 dimissi
630 2359 900 2435 senesPolyperchon‚

86 2437 188 2502 Clitus,
209 2437 331 2510 Gorgias,
349 2437 515 2510 Polydamas,
532 2436 657 2500 Amadas,
671 2436 824 2509 Antigenes.
858 2435 905 2486 Di-

87 2513 185 2568 missis
200 2512 244 2566 his
260 2513 381 2566 Craterus
395 2511 574 2584 praeponitur,
590 2511 680 2566 iussus
690 2527 809 2582 praeesse
820 2509 904 2562 Mace-

86 2587 211 2642 donibus
226 2587 254 2640 in
271 2587 402 2659 Antipatri
411 2587 512 2654 locum3
534 2585 757 2656 Antipatrumque
767 2596 904 2664 cumtsup-

85 2661 228 2735 plemento
245 2662 362 2719 tironum
376 2663 405 2719 in
420 2663 508 2718 locum
522 2661 580 2716 eius
590 2667 688 2716 evocat.
719 2653 853 2726 Stipendia
863 2667 905 2704 ro-
