2044 3028
110 143 159 198 aot
243 195 249 202 „
344 147 495 192 rusrrur
512 146 670 192 rrrsron.

109 247 200 319 pidare
219 246 299 318 igitur
318 245 493 312 Ptolemaeus3
515 245 689 318 legationibus
708 243 806 307 missis,
823 244 913 315 quoad
992 271 993 310 3

111 322 180 374 vires
200 327 309 389 pararet,
334 321 429 374 morari
447 320 617 374 Antiochum.
647 320 743 392 Magno
765 318 861 372 deindo
884 321 911 374 in
992 332 993 352 ³

110 395 216 449 Graecia
237 395 351 448 exercitu
371 394 507 456 conducto,
529 394 675 448 secundum
689 392 819 465 proelium
836 393 909 463 facit3

110 468 299 540 spoliassetque
312 485 393 542 regno
407 468 575 532 Antiochum,
587 469 609 522 si
621 467 751 522 fortunam
763 468 860 521 virtute
870 469 913 522 iu·
993 482 994 504 l

109 543 199 598 visset.
225 542 275 597 Sed
291 543 619 614 contentusreciperatione
629 543 746 606 urbium,
762 560 829 613 quas
844 544 913 596 ami-

109 625 186 682 serat,
203 615 268 672 iacta
285 634 348 688 pace
357 618 433 672 avide
443 618 577 673 materiam
587 617 683 690 quietis
694 615 822 687 adripuit,
835 635 912 672 revo-

109 691 237 763 lutusque
256 692 282 746 in
299 691 442 756 luxuriam,
458 693 541 746 occisa
555 691 696 765 Eurydice,
711 709 794 744 uxore
807 691 913 746 eadem-

109 784 162 838 que
180 784 267 820 sorore
286 785 343 831 sua,
360 766 524 840 Agathocliae
541 767 682 820 meretricis
696 765 825 819 illecebris
840 767 913 836 capi-

109 849 166 909 tur,
188 848 266 913 atque
282 841 316 896 ita
325 859 430 896 omnem
444 840 653 914 magnitudinem
665 839 780 894 nominis
790 841 913 896 acmaie·

109 916 184 970 statis
198 915 303 979 oblitus,
318 924 404 970 noctes
413 917 440 970 in
451 916 558 986 stupris
570 913 627 969 dies
637 915 665 969 in
675 914 805 969 conviviis
814 931 913 968 consu-

110 990 166 1043 mit.
199 990 340 1058 Adduutm
356 991 529 1045 instrumenta
543 990 672 1054 luxuriae,
685 997 810 1060 tympana
820 997 846 1042 et
856 1007 912 1044 cre-

109 1063 224 1135 pundia;
246 1081 294 1118 nec
307 1064 360 1118 iam
374 1073 500 1134 spectator
511 1083 564 1127 rex,
577 1064 755 1136 sedmagister
764 1064 908 1135 nequitiae,

110 1154 251 1192 nervorum
266 1137 450 1193 oblectamenta
467 1139 626 1194 modulatur.
656 1139 723 1192 llaec
735 1138 822 1208 primo
837 1137 912 1194 labo-

110 1212 191 1266 rantis
208 1211 294 1284 regiae
303 1212 393 1266 tacitae
402 1222 487 1284 pestes
497 1221 522 1268 et
531 1213 645 1280 occultae
654 1211 733 1267 luere.

165 1285 234 1340 Can.
255 1288 286 1341 11.
308 1287 405 1342 Deinde
418 1296 547 1342 crescente
557 1287 668 1352 licentia,
683 1288 736 1340 iam
745 1303 793 1340 nec
803 1297 913 1356 parieti-

109 1361 161 1415 bus
180 1361 266 1433 regiae
284 1361 379 1416 domus
393 1363 519 1418 contineri
534 1363 675 1417 meretricis
688 1361 795 1416 audacia
811 1371 910 1432 potest:

110 1452 192 1506 quam
202 1437 387 1507 proterviorem
399 1437 493 1491 sociata
503 1454 564 1491 cum
574 1435 715 1510 Agathocle
725 1435 809 1499 fratre,
822 1437 914 1491 ambi·
996 1485 997 1494 ,

109 1510 190 1564 tiosae
206 1510 411 1581 pulchritudinis
425 1519 518 1576 scorto,
530 1511 682 1582 quotidiana
692 1510 760 1584 regis
770 1518 862 1580 stupra
873 1510 914 1566 la·

109 1585 221 1639 ciebant.
252 1584 394 1640 Accedebat
412 1594 437 1639 et
451 1594 532 1640 mater
546 1585 690 1650 Oenanthe,
706 1602 776 1658 quae
788 1587 913 1658 geminae

109 1658 210 1713 subolis
228 1658 355 1714 illecebris
365 1660 516 1715 devinctum
527 1677 614 1733 regem
627 1660 734 1715 tenebat.
754 1661 846 1731 ltaque
856 1678 911 1716 non

110 1740 243 1786 contentae
263 1751 330 1806 rege,
353 1735 406 1789 iam
425 1736 503 1789 etiam
523 1752 634 1808 regnum
650 1733 863 1806 possidentium
882 1737 912 1790 in

109 1805 216 1876 publico
239 1807 376 1872 visuntur,
402 1810 454 1863 iam
478 1808 639 1874 salutantur,
663 1811 715 1864 iam
740 1809 910 1864 comitantur.

29 1927 34 1936 .
109 1879 264 1953 Agathocles
275 1883 344 1954 regis
352 1883 424 1937 lateri
436 1884 540 1940 iunctus
549 1885 679 1939 civitatem
689 1883 806 1956 regebat3
824 1885 912 1939 tribu·
930 1931 932 1936 ,

108 1960 196 2020 natus,
208 1953 381 2026 praefecturas
393 1965 418 2012 et
427 1958 538 2013 ducatus
546 1958 669 2013 mulieres
679 1958 850 2014 ordinabant:
862 1977 915 2014 nec

109 2029 252 2103 quisquam
271 2030 299 2085 in
311 2049 391 2106 regno
400 2049 449 2089 suo
457 2033 556 2098 minus,
573 2051 654 2105 quam
665 2033 720 2103 ipse
731 2049 786 2097 rex,
799 2041 912 2103 poterat.

109 2103 199 2170 Quum
218 2106 322 2162 interim
344 2107 432 2162 relicto
446 2109 614 2180 quinquenni
629 2125 661 2162 ex
675 2106 806 2180 Eurydice
821 2125 915 2164 sorore

109 2179 164 2234 filio
186 2182 310 2250 moritur;
331 2182 377 2236 sed
397 2200 467 2237 mors
485 2182 551 2247 eius,
572 2181 638 2236 dum
650 2181 790 2253 pecuniam
809 2184 912 2254 regiam

108 2253 231 2309 mulieres
245 2256 360 2327 rapiunt,
377 2265 401 2312 et
414 2256 564 2328 imperium,
577 2257 640 2312 inita
649 2273 710 2310 cum
723 2255 915 2327 perditissimis

107 2328 235 2392 societate,
251 2345 376 2400 occupare
390 2339 525 2396 conantur,
542 2330 589 2386 diu
598 2329 725 2386 occultata
736 2329 794 2384 fuit.
824 2331 915 2386 Retu-

109 2414 169 2452 men
184 2403 295 2472 cognita,
315 2420 444 2459 concursu
455 2404 633 2460 multitudinis
643 2413 668 2459 et
678 2403 832 2478 Agathocles
841 2407 914 2459 occi-

108 2468 187 2534 ditur,
205 2482 230 2526 et
243 2475 367 2530 mulieres
383 2479 411 2532 in
421 2479 548 2533 ultionem
557 2479 703 2553 Eurydices
713 2479 839 2550 patibulis
854 2479 913 2534 sul-

109 2540 236 2608 figuntur.
265 2547 347 2601 Morte
361 2551 438 2622 regis,
460 2553 590 2623 supplicio
601 2554 765 2608 meretricum
779 2553 854 2608 velut
865 2572 917 2610 ex-

105 2607 176 2674 piata
195 2619 269 2686 regni
289 2619 405 2687 infamia,
428 2623 524 2696 legatos
538 2625 712 2682 Alexandrini
729 2627 763 2682 ad
776 2628 917 2684 llomauos
