<?xml version="1.0" encoding="UTF-8"?>
<!DOCTYPE html PUBLIC "-//W3C//DTD XHTML 1.0 Transitional//EN"
    "http://www.w3.org/TR/xhtml1/DTD/xhtml1-transitional.dtd">
<html xmlns="http://www.w3.org/1999/xhtml" xml:lang="en" lang="en">
 <head>
  <title>
</title>
<meta http-equiv="Content-Type" content="text/html;charset=utf-8" />
  <meta name='ocr-system' content='tesseract 3.04.00' />
  <meta name='ocr-capabilities' content='ocr_page ocr_carea ocr_par ocr_line ocrx_word'/>
</head>
<body>
  <div class='ocr_page' id='page_1' title='image "./justinihistoria00justgoog_0043.png"; bbox 0 0 2014 3000; ppageno 0'>
   <div class='ocr_carea' id='block_1_1' title="bbox 64 166 662 244">
    <p class='ocr_par' dir='ltr' id='par_1_1' title="bbox 64 166 662 244">
     <span class='ocr_line' id='line_1_1' title="bbox 64 166 662 244; baseline -0.007 -27"><span class='ocrx_word' id='word_1_1' title='bbox 64 235 70 244; x_wconf 32' lang='grc' dir='ltr'>ι</span> <span class='ocrx_word' id='word_1_2' title='bbox 102 166 135 218; x_wconf 86' lang='grc'><strong>30</strong></span> <span class='ocrx_word' id='word_1_3' title='bbox 337 167 487 214; x_wconf 85' lang='lat' dir='ltr'><strong>IUSTINI</strong></span> <span class='ocrx_word' id='word_1_4' title='bbox 505 169 662 214; x_wconf 84' lang='lat' dir='ltr'><strong>HISTOR·</strong></span> 
     </span>
    </p>
   </div>
   <div class='ocr_carea' id='block_1_2' title="bbox 30 266 999 2726">
    <p class='ocr_par' dir='ltr' id='par_1_2' title="bbox 100 266 910 780">
     <span class='ocr_line' id='line_1_2' title="bbox 104 266 910 340; baseline -0.006 -13"><span class='ocrx_word' id='word_1_5' title='bbox 104 273 344 340; x_wconf 81' lang='lat' dir='ltr'><strong>iuxtapraeoeptum</strong></span> <span class='ocrx_word' id='word_1_6' title='bbox 356 268 547 333; x_wconf 69' lang='lat' dir='ltr'><strong>Themistoclis</strong></span> <span class='ocrx_word' id='word_1_7' title='bbox 558 285 663 340; x_wconf 79' lang='lat' dir='ltr'>pugnae</span> <span class='ocrx_word' id='word_1_8' title='bbox 673 266 910 338; x_wconf 85' lang='lat' dir='ltr'><strong>sepaulatimsub-</strong></span> 
     </span>
     <span class='ocr_line' id='line_1_3' title="bbox 104 343 908 414; baseline 0.001 -17"><span class='ocrx_word' id='word_1_9' title='bbox 104 346 203 398; x_wconf 79' lang='lat' dir='ltr'><strong>trahere</strong></span> <span class='ocrx_word' id='word_1_10' title='bbox 216 351 370 414; x_wconf 86' lang='lat' dir='ltr'><strong>coeperunt,</strong></span> <span class='ocrx_word' id='word_1_11' title='bbox 389 361 503 414; x_wconf 88' lang='lat' dir='ltr'><strong>quorum</strong></span> <span class='ocrx_word' id='word_1_12' title='bbox 519 343 626 398; x_wconf 86' lang='lat' dir='ltr'><strong>deiectio</strong></span> <span class='ocrx_word' id='word_1_13' title='bbox 644 343 745 396; x_wconf 87' lang='lat' dir='ltr'><strong>animos</strong></span> <span class='ocrx_word' id='word_1_14' title='bbox 759 351 908 398; x_wconf 58' lang='lat' dir='ltr'><strong>ceterorum</strong></span> 
     </span>
     <span class='ocr_line' id='line_1_4' title="bbox 102 416 904 490; baseline -0.002 -18"><span class='ocrx_word' id='word_1_15' title='bbox 102 417 188 490; x_wconf 79' lang='lat' dir='ltr'><strong>fregit.</strong></span> <span class='ocrx_word' id='word_1_16' title='bbox 209 420 299 489; x_wconf 85' lang='lat' dir='ltr'><strong>Itaque</strong></span> <span class='ocrx_word' id='word_1_17' title='bbox 308 418 546 488; x_wconf 80' lang='lat' dir='ltr'><strong>circumspicientes</strong></span> <span class='ocrx_word' id='word_1_18' title='bbox 557 416 646 490; x_wconf 81' lang='lat' dir='ltr'><strong>fugam</strong></span> <span class='ocrx_word' id='word_1_19' title='bbox 657 416 791 486; x_wconf 84' lang='lat' dir='ltr'><strong>pelluntur</strong></span> <span class='ocrx_word' id='word_1_20' title='bbox 800 417 904 482; x_wconf 81' lang='lat' dir='ltr'><strong>Persae,</strong></span> 
     </span>
     <span class='ocr_line' id='line_1_5' title="bbox 102 491 907 563; baseline -0.001 -17"><span class='ocrx_word' id='word_1_21' title='bbox 102 499 127 546; x_wconf 90' lang='lat' dir='ltr'><strong>et</strong></span> <span class='ocrx_word' id='word_1_22' title='bbox 140 509 203 546; x_wconf 83' lang='lat' dir='ltr'><strong>mox</strong></span> <span class='ocrx_word' id='word_1_23' title='bbox 220 493 317 562; x_wconf 91' lang='lat' dir='ltr'><strong>proelio</strong></span> <span class='ocrx_word' id='word_1_24' title='bbox 333 492 404 556; x_wconf 89' lang='lat' dir='ltr'><strong>victi,</strong></span> <span class='ocrx_word' id='word_1_25' title='bbox 424 493 452 546; x_wconf 93' lang='lat' dir='ltr'><strong>in</strong></span> <span class='ocrx_word' id='word_1_26' title='bbox 465 491 555 563; x_wconf 82' lang='lat' dir='ltr'><strong>fugam</strong></span> <span class='ocrx_word' id='word_1_27' title='bbox 567 499 713 546; x_wconf 88' lang='lat' dir='ltr'><strong>vertuntur.</strong></span> <span class='ocrx_word' id='word_1_28' title='bbox 747 493 840 562; x_wconf 83' lang='lat' dir='ltr'><strong>inqua</strong></span> <span class='ocrx_word' id='word_1_29' title='bbox 854 499 907 545; x_wconf 90' lang='lat' dir='ltr'><strong>tre·</strong></span> 
     </span>
     <span class='ocr_line' id='line_1_6' title="bbox 100 564 910 637; baseline 0.001 -19"><span class='ocrx_word' id='word_1_30' title='bbox 100 566 233 637; x_wconf 37' lang='lat' dir='ltr'><strong>,pidatione</strong></span> <span class='ocrx_word' id='word_1_31' title='bbox 247 566 345 620; x_wconf 86' lang='lat' dir='ltr'><strong>multae</strong></span> <span class='ocrx_word' id='word_1_32' title='bbox 358 575 446 636; x_wconf 89' lang='lat' dir='ltr'><strong>captae</strong></span> <span class='ocrx_word' id='word_1_33' title='bbox 460 585 550 630; x_wconf 91' lang='lat' dir='ltr'><strong>naves,</strong></span> <span class='ocrx_word' id='word_1_34' title='bbox 567 565 664 619; x_wconf 90' lang='lat' dir='ltr'><strong>multae</strong></span> <span class='ocrx_word' id='word_1_35' title='bbox 679 582 792 632; x_wconf 87' lang='lat' dir='ltr'><strong>mersae;</strong></span> <span class='ocrx_word' id='word_1_36' title='bbox 814 564 910 635; x_wconf 80' lang='lat' dir='ltr'><strong>plures</strong></span> 
     </span>
     <span class='ocr_line' id='line_1_7' title="bbox 102 639 909 712; baseline 0 -18"><span class='ocrx_word' id='word_1_37' title='bbox 102 648 252 694; x_wconf 87' lang='lat' dir='ltr'><strong>tamennon</strong></span> <span class='ocrx_word' id='word_1_38' title='bbox 265 641 355 694; x_wconf 91' lang='lat' dir='ltr'><strong>minus</strong></span> <span class='ocrx_word' id='word_1_39' title='bbox 368 641 503 695; x_wconf 89' lang='lat' dir='ltr'><strong>saevitiam</strong></span> <span class='ocrx_word' id='word_1_40' title='bbox 514 641 592 712; x_wconf 83' lang='lat' dir='ltr'><strong>regis,</strong></span> <span class='ocrx_word' id='word_1_41' title='bbox 604 657 686 710; x_wconf 90' lang='lat' dir='ltr'><strong>quam</strong></span> <span class='ocrx_word' id='word_1_42' title='bbox 697 639 798 696; x_wconf 87' lang='lat' dir='ltr'><strong>hostem</strong></span> <span class='ocrx_word' id='word_1_43' title='bbox 808 641 909 694; x_wconf 88' lang='lat' dir='ltr'><strong>timen-</strong></span> 
     </span>
     <span class='ocr_line' id='line_1_8' title="bbox 101 715 443 780; baseline 0 -12"><span class='ocrx_word' id='word_1_44' title='bbox 101 723 147 780; x_wconf 86' lang='lat' dir='ltr'><strong>tes,</strong></span> <span class='ocrx_word' id='word_1_45' title='bbox 160 715 269 768; x_wconf 86' lang='lat' dir='ltr'><strong>domum</strong></span> <span class='ocrx_word' id='word_1_46' title='bbox 280 715 443 770; x_wconf 90' lang='lat' dir='ltr'><strong>dilabuntur.</strong></span> 
     </span>
    </p>

    <p class='ocr_par' dir='ltr' id='par_1_3' title="bbox 30 787 999 2726">
     <span class='ocr_line' id='line_1_9' title="bbox 158 787 906 860; baseline -0.003 -16"><span class='ocrx_word' id='word_1_47' title='bbox 158 789 227 845; x_wconf 78' lang='lat' dir='ltr'><strong>Car.</strong></span> <span class='ocrx_word' id='word_1_48' title='bbox 247 791 320 844; x_wconf 89' lang='lat' dir='ltr'>XllI.</span> <span class='ocrx_word' id='word_1_49' title='bbox 342 791 394 844; x_wconf 87' lang='lat' dir='ltr'><strong>Hac</strong></span> <span class='ocrx_word' id='word_1_50' title='bbox 407 789 480 842; x_wconf 87' lang='lat' dir='ltr'><strong>clade</strong></span> <span class='ocrx_word' id='word_1_51' title='bbox 490 788 640 860; x_wconf 82' lang='lat' dir='ltr'><strong>perculsum</strong></span> <span class='ocrx_word' id='word_1_52' title='bbox 654 795 678 841; x_wconf 88' lang='lat' dir='ltr'><strong>et</strong></span> <span class='ocrx_word' id='word_1_53' title='bbox 688 787 801 842; x_wconf 89' lang='lat' dir='ltr'><strong>dubium</strong></span> <span class='ocrx_word' id='word_1_54' title='bbox 816 790 906 842; x_wconf 89' lang='lat' dir='ltr'><strong>consi·</strong></span> 
     </span>
     <span class='ocr_line' id='line_1_10' title="bbox 102 863 907 936; baseline 0.001 -19"><span class='ocrx_word' id='word_1_55' title='bbox 102 863 131 918; x_wconf 92' lang='lat' dir='ltr'><strong>lii</strong></span> <span class='ocrx_word' id='word_1_56' title='bbox 141 864 258 918; x_wconf 84' lang='lat' dir='ltr'><strong>Xerxem</strong></span> <span class='ocrx_word' id='word_1_57' title='bbox 266 864 418 918; x_wconf 84' lang='lat' dir='ltr'><strong>Mardonius</strong></span> <span class='ocrx_word' id='word_1_58' title='bbox 432 864 592 936; x_wconf 79' lang='lat' dir='ltr'><strong>aggreditur.</strong></span> <span class='ocrx_word' id='word_1_59' title='bbox 613 864 743 926; x_wconf 87' lang='lat' dir='ltr'><strong>Hortatur,</strong></span> <span class='ocrx_word' id='word_1_60' title='bbox 755 867 783 916; x_wconf 85' lang='lat' dir='ltr'><strong>ia</strong></span> <span class='ocrx_word' id='word_1_61' title='bbox 795 880 907 931; x_wconf 72' lang='lat' dir='ltr'><strong>requam</strong></span> 
     </span>
     <span class='ocr_line' id='line_1_11' title="bbox 101 940 907 1006; baseline 0.001 -14"><span class='ocrx_word' id='word_1_62' title='bbox 101 942 186 1004; x_wconf 87' lang='lat' dir='ltr'><strong>obeat,</strong></span> <span class='ocrx_word' id='word_1_63' title='bbox 204 957 236 992; x_wconf 84' lang='lat' dir='ltr'><strong>ne</strong></span> <span class='ocrx_word' id='word_1_64' title='bbox 249 943 312 1006; x_wconf 82' lang='lat' dir='ltr'><strong>quid</strong></span> <span class='ocrx_word' id='word_1_65' title='bbox 326 943 458 1002; x_wconf 74' lang='lat' dir='ltr'><strong>seditionis</strong></span> <span class='ocrx_word' id='word_1_66' title='bbox 472 947 571 992; x_wconf 87' lang='lat' dir='ltr'><strong>moueat</strong></span> <span class='ocrx_word' id='word_1_67' title='bbox 582 943 654 1006; x_wconf 74' lang='lat' dir='ltr'><strong>[uma</strong></span> <span class='ocrx_word' id='word_1_68' title='bbox 670 942 775 991; x_wconf 85' lang='lat' dir='ltr'><strong>adversi</strong></span> <span class='ocrx_word' id='word_1_69' title='bbox 792 940 860 1001; x_wconf 81' lang='lat' dir='ltr'><strong>beili,</strong></span> <span class='ocrx_word' id='word_1_70' title='bbox 876 943 907 993; x_wconf 79' lang='lat' dir='ltr'><strong>ire</strong></span> 
     </span>
     <span class='ocr_line' id='line_1_12' title="bbox 100 1015 906 1076; baseline 0.001 -10"><span class='ocrx_word' id='word_1_71' title='bbox 100 1018 194 1076; x_wconf 85' lang='lat' dir='ltr'><strong>maias,</strong></span> <span class='ocrx_word' id='word_1_72' title='bbox 210 1017 289 1066; x_wconf 85' lang='lat' dir='ltr'><strong>sicuti</strong></span> <span class='ocrx_word' id='word_1_73' title='bbox 301 1030 355 1066; x_wconf 88' lang='lat' dir='ltr'><strong>mos</strong></span> <span class='ocrx_word' id='word_1_74' title='bbox 371 1021 415 1075; x_wconf 86' lang='lat' dir='ltr'><strong>est,</strong></span> <span class='ocrx_word' id='word_1_75' title='bbox 435 1016 522 1066; x_wconf 83' lang='lat' dir='ltr'><strong>omnia</strong></span> <span class='ocrx_word' id='word_1_76' title='bbox 536 1015 676 1065; x_wconf 77' lang='lat' dir='ltr'><strong>catolicos:</strong></span> <span class='ocrx_word' id='word_1_77' title='bbox 696 1016 746 1066; x_wconf 85' lang='lat' dir='ltr'><strong>sibi</strong></span> <span class='ocrx_word' id='word_1_78' title='bbox 765 1016 906 1067; x_wconf 84' lang='lat' dir='ltr'><strong>cccmillia</strong></span> 
     </span>
     <span class='ocr_line' id='line_1_13' title="bbox 100 1089 944 1160; baseline -0.001 -19"><span class='ocrx_word' id='word_1_79' title='bbox 100 1089 383 1142; x_wconf 79' lang='lat' dir='ltr'><strong>armatorumlcctacc</strong></span> <span class='ocrx_word' id='word_1_80' title='bbox 394 1091 510 1140; x_wconf 81' lang='lat' dir='ltr'><strong>omn-itas</strong></span> <span class='ocrx_word' id='word_1_81' title='bbox 525 1089 761 1154; x_wconf 84' lang='lat' dir='ltr'><strong>copiisretiuqaat:</strong></span> <span class='ocrx_word' id='word_1_82' title='bbox 783 1104 906 1154; x_wconf 86' lang='lat' dir='ltr'><strong>quama-</strong></span> <span class='ocrx_word' id='word_1_83' title='bbox 938 1150 944 1160; x_wconf 43' lang='grc'><strong>,</strong></span> 
     </span>
     <span class='ocr_line' id='line_1_14' title="bbox 99 1160 904 1229; baseline -0.001 -13"><span class='ocrx_word' id='word_1_84' title='bbox 99 1179 136 1216; x_wconf 88' lang='lat' dir='ltr'><strong>aa</strong></span> <span class='ocrx_word' id='word_1_85' title='bbox 150 1171 198 1214; x_wconf 87' lang='lat' dir='ltr'><strong>aut</strong></span> <span class='ocrx_word' id='word_1_86' title='bbox 211 1179 269 1216; x_wconf 88' lang='lat' dir='ltr'><strong>cam</strong></span> <span class='ocrx_word' id='word_1_87' title='bbox 277 1164 364 1229; x_wconf 75' lang='lat' dir='ltr'><strong>picria</strong></span> <span class='ocrx_word' id='word_1_88' title='bbox 373 1166 428 1214; x_wconf 88' lang='lat' dir='ltr'><strong>cias</strong></span> <span class='ocrx_word' id='word_1_89' title='bbox 436 1165 641 1227; x_wconf 81' lang='lat' dir='ltr'><strong>perdomitorum</strong></span> <span class='ocrx_word' id='word_1_90' title='bbox 649 1177 675 1212; x_wconf 89' lang='lat' dir='ltr'><strong>sc</strong></span> <span class='ocrx_word' id='word_1_91' title='bbox 688 1160 834 1224; x_wconf 78' lang='lat' dir='ltr'><strong>Graeciam,</strong></span> <span class='ocrx_word' id='word_1_92' title='bbox 846 1171 904 1224; x_wconf 87' lang='lat' dir='ltr'><strong>oat,</strong></span> 
     </span>
     <span class='ocr_line' id='line_1_15' title="bbox 99 1237 906 1303; baseline -0.001 -13"><span class='ocrx_word' id='word_1_93' title='bbox 99 1239 212 1290; x_wconf 81' lang='lat' dir='ltr'><strong>sialiter</strong></span> <span class='ocrx_word' id='word_1_94' title='bbox 222 1243 324 1288; x_wconf 80' lang='lat' dir='ltr'><strong>auectas</strong></span> <span class='ocrx_word' id='word_1_95' title='bbox 332 1240 408 1303; x_wconf 73' lang='lat' dir='ltr'><strong>ferat,</strong></span> <span class='ocrx_word' id='word_1_96' title='bbox 419 1239 474 1288; x_wconf 83' lang='lat' dir='ltr'><strong>siue</strong></span> <span class='ocrx_word' id='word_1_97' title='bbox 484 1239 595 1288; x_wconf 85' lang='lat' dir='ltr'><strong>eiusdem</strong></span> <span class='ocrx_word' id='word_1_98' title='bbox 604 1238 713 1302; x_wconf 75' lang='lat' dir='ltr'><strong>iufamia</strong></span> <span class='ocrx_word' id='word_1_99' title='bbox 723 1237 837 1289; x_wconf 83' lang='lat' dir='ltr'><strong>hostibus</strong></span> <span class='ocrx_word' id='word_1_100' title='bbox 848 1253 906 1290; x_wconf 86' lang='lat' dir='ltr'><strong>ces-</strong></span> 
     </span>
     <span class='ocr_line' id='line_1_16' title="bbox 99 1307 903 1372; baseline 0.001 -9"><span class='ocrx_word' id='word_1_101' title='bbox 99 1327 201 1364; x_wconf 83' lang='lat' dir='ltr'><strong>suram.</strong></span> <span class='ocrx_word' id='word_1_102' title='bbox 233 1309 342 1363; x_wconf 91' lang='lat' dir='ltr'><strong>Probato</strong></span> <span class='ocrx_word' id='word_1_103' title='bbox 356 1307 474 1372; x_wconf 88' lang='lat' dir='ltr'><strong>consilio,</strong></span> <span class='ocrx_word' id='word_1_104' title='bbox 491 1308 626 1362; x_wconf 88' lang='lat' dir='ltr'><strong>Mardonia</strong></span> <span class='ocrx_word' id='word_1_105' title='bbox 636 1309 764 1362; x_wconf 87' lang='lat' dir='ltr'><strong>exercitas</strong></span> <span class='ocrx_word' id='word_1_106' title='bbox 775 1309 903 1364; x_wconf 89' lang='lat' dir='ltr'><strong>traditur:</strong></span> 
     </span>
     <span class='ocr_line' id='line_1_17' title="bbox 99 1382 905 1454; baseline 0.001 -16"><span class='ocrx_word' id='word_1_107' title='bbox 99 1383 216 1454; x_wconf 88' lang='lat' dir='ltr'><strong>reliquas</strong></span> <span class='ocrx_word' id='word_1_108' title='bbox 226 1383 313 1453; x_wconf 88' lang='lat' dir='ltr'><strong>copias</strong></span> <span class='ocrx_word' id='word_1_109' title='bbox 325 1401 371 1436; x_wconf 82' lang='lat' dir='ltr'><strong>rex</strong></span> <span class='ocrx_word' id='word_1_110' title='bbox 385 1384 441 1453; x_wconf 87' lang='lat' dir='ltr'><strong>ipse</strong></span> <span class='ocrx_word' id='word_1_111' title='bbox 453 1382 612 1436; x_wconf 82' lang='lat' dir='ltr'><strong>reducerem</strong></span> <span class='ocrx_word' id='word_1_112' title='bbox 622 1399 732 1454; x_wconf 79' lang='lat' dir='ltr'><strong>regnum</strong></span> <span class='ocrx_word' id='word_1_113' title='bbox 746 1393 829 1454; x_wconf 87' lang='lat' dir='ltr'><strong>parat.</strong></span> <span class='ocrx_word' id='word_1_114' title='bbox 850 1383 905 1439; x_wconf 87' lang='lat' dir='ltr'><strong>Sed</strong></span> 
     </span>
     <span class='ocr_line' id='line_1_18' title="bbox 100 1456 904 1530; baseline -0.001 -17"><span class='ocrx_word' id='word_1_115' title='bbox 100 1459 193 1514; x_wconf 87' lang='lat' dir='ltr'><strong>Graeci</strong></span> <span class='ocrx_word' id='word_1_116' title='bbox 208 1457 296 1513; x_wconf 90' lang='lat' dir='ltr'><strong>audita</strong></span> <span class='ocrx_word' id='word_1_117' title='bbox 311 1458 380 1530; x_wconf 52' lang='lat' dir='ltr'><strong>rQis</strong></span> <span class='ocrx_word' id='word_1_118' title='bbox 391 1456 462 1529; x_wconf 83' lang='lat' dir='ltr'><strong>fuga,</strong></span> <span class='ocrx_word' id='word_1_119' title='bbox 474 1457 613 1510; x_wconf 87' lang='lat' dir='ltr'><strong>consilium</strong></span> <span class='ocrx_word' id='word_1_120' title='bbox 623 1457 715 1510; x_wconf 90' lang='lat' dir='ltr'><strong>ineunt</strong></span> <span class='ocrx_word' id='word_1_121' title='bbox 725 1458 812 1528; x_wconf 87' lang='lat' dir='ltr'><strong>pontis</strong></span> <span class='ocrx_word' id='word_1_122' title='bbox 822 1459 904 1512; x_wconf 88' lang='lat' dir='ltr'><strong>inter-</strong></span> 
     </span>
     <span class='ocr_line' id='line_1_19' title="bbox 99 1530 901 1605; baseline -0.002 -17"><span class='ocrx_word' id='word_1_123' title='bbox 99 1533 250 1605; x_wconf 85' lang='lat' dir='ltr'><strong>rumpendi,</strong></span> <span class='ocrx_word' id='word_1_124' title='bbox 267 1550 348 1604; x_wconf 88' lang='lat' dir='ltr'><strong>quem</strong></span> <span class='ocrx_word' id='word_1_125' title='bbox 359 1531 402 1586; x_wconf 87' lang='lat' dir='ltr'><strong>ille</strong></span> <span class='ocrx_word' id='word_1_126' title='bbox 411 1531 506 1604; x_wconf 82' lang='lat' dir='ltr'><strong>Abydo</strong></span> <span class='ocrx_word' id='word_1_127' title='bbox 518 1530 598 1585; x_wconf 88' lang='lat' dir='ltr'><strong>veluti</strong></span> <span class='ocrx_word' id='word_1_128' title='bbox 609 1531 690 1584; x_wconf 87' lang='lat' dir='ltr'><strong>victor</strong></span> <span class='ocrx_word' id='word_1_129' title='bbox 702 1533 782 1586; x_wconf 86' lang='lat' dir='ltr'><strong>maris</strong></span> <span class='ocrx_word' id='word_1_130' title='bbox 792 1532 901 1603; x_wconf 86' lang='lat' dir='ltr'><strong>iecerat;</strong></span> 
     </span>
     <span class='ocr_line' id='line_1_20' title="bbox 100 1605 904 1671; baseline 0 -9"><span class='ocrx_word' id='word_1_131' title='bbox 100 1617 129 1662; x_wconf 88' lang='lat' dir='ltr'><strong>ut</strong></span> <span class='ocrx_word' id='word_1_132' title='bbox 142 1609 284 1663; x_wconf 88' lang='lat' dir='ltr'><strong>intercluso</strong></span> <span class='ocrx_word' id='word_1_133' title='bbox 294 1607 387 1671; x_wconf 88' lang='lat' dir='ltr'><strong>reditu,</strong></span> <span class='ocrx_word' id='word_1_134' title='bbox 400 1614 515 1660; x_wconf 85' lang='lat' dir='ltr'><strong>autenm</strong></span> <span class='ocrx_word' id='word_1_135' title='bbox 526 1605 640 1660; x_wconf 84' lang='lat' dir='ltr'><strong>exercitu</strong></span> <span class='ocrx_word' id='word_1_136' title='bbox 650 1605 786 1670; x_wconf 87' lang='lat' dir='ltr'><strong>deleretur,</strong></span> <span class='ocrx_word' id='word_1_137' title='bbox 801 1614 846 1662; x_wconf 92' lang='lat' dir='ltr'><strong>aut</strong></span> <span class='ocrx_word' id='word_1_138' title='bbox 855 1607 904 1662; x_wconf 90' lang='lat' dir='ltr'><strong>de-</strong></span> 
     </span>
     <span class='ocr_line' id='line_1_21' title="bbox 99 1681 904 1754; baseline 0.001 -18"><span class='ocrx_word' id='word_1_139' title='bbox 99 1684 245 1752; x_wconf 84' lang='lat' dir='ltr'><strong>speratione</strong></span> <span class='ocrx_word' id='word_1_140' title='bbox 260 1700 357 1745; x_wconf 89' lang='lat' dir='ltr'><strong>rerum,</strong></span> <span class='ocrx_word' id='word_1_141' title='bbox 374 1698 463 1751; x_wconf 88' lang='lat' dir='ltr'><strong>pacem</strong></span> <span class='ocrx_word' id='word_1_142' title='bbox 479 1681 562 1736; x_wconf 89' lang='lat' dir='ltr'><strong>victus</strong></span> <span class='ocrx_word' id='word_1_143' title='bbox 578 1687 662 1750; x_wconf 87' lang='lat' dir='ltr'><strong>petere</strong></span> <span class='ocrx_word' id='word_1_144' title='bbox 676 1689 816 1754; x_wconf 82' lang='lat' dir='ltr'><strong>cogeretur.</strong></span> <span class='ocrx_word' id='word_1_145' title='bbox 850 1682 904 1737; x_wconf 91' lang='lat' dir='ltr'><strong>Sed</strong></span> 
     </span>
     <span class='ocr_line' id='line_1_22' title="bbox 99 1754 904 1828; baseline 0.002 -18"><span class='ocrx_word' id='word_1_146' title='bbox 99 1755 301 1818; x_wconf 86' lang='lat' dir='ltr'><strong>Themistocles,</strong></span> <span class='ocrx_word' id='word_1_147' title='bbox 317 1755 426 1819; x_wconf 77' lang='lat' dir='ltr'><strong>timenS,</strong></span> <span class='ocrx_word' id='word_1_148' title='bbox 445 1773 477 1809; x_wconf 88' lang='lat' dir='ltr'><strong>ne</strong></span> <span class='ocrx_word' id='word_1_149' title='bbox 492 1754 626 1809; x_wconf 88' lang='lat' dir='ltr'><strong>interclusi</strong></span> <span class='ocrx_word' id='word_1_150' title='bbox 642 1755 729 1808; x_wconf 84' lang='lat' dir='ltr'><strong>hostes</strong></span> <span class='ocrx_word' id='word_1_151' title='bbox 743 1755 904 1828; x_wconf 75' lang='lat' dir='ltr'><strong>desperatio-</strong></span> 
     </span>
     <span class='ocr_line' id='line_1_23' title="bbox 98 1829 904 1902; baseline 0 -16"><span class='ocrx_word' id='word_1_152' title='bbox 98 1849 159 1886; x_wconf 90' lang='lat' dir='ltr'><strong>nem</strong></span> <span class='ocrx_word' id='word_1_153' title='bbox 170 1831 198 1884; x_wconf 92' lang='lat' dir='ltr'><strong>iu</strong></span> <span class='ocrx_word' id='word_1_154' title='bbox 213 1830 334 1885; x_wconf 89' lang='lat' dir='ltr'><strong>virtutem</strong></span> <span class='ocrx_word' id='word_1_155' title='bbox 346 1837 482 1894; x_wconf 87' lang='lat' dir='ltr'><strong>verterent,</strong></span> <span class='ocrx_word' id='word_1_156' title='bbox 495 1837 519 1883; x_wconf 87' lang='lat' dir='ltr'><strong>et</strong></span> <span class='ocrx_word' id='word_1_157' title='bbox 532 1830 588 1893; x_wconf 92' lang='lat' dir='ltr'><strong>iter,</strong></span> <span class='ocrx_word' id='word_1_158' title='bbox 601 1829 673 1900; x_wconf 90' lang='lat' dir='ltr'><strong>quod</strong></span> <span class='ocrx_word' id='word_1_159' title='bbox 684 1829 757 1884; x_wconf 76' lang='lat' dir='ltr'><strong>aliter</strong></span> <span class='ocrx_word' id='word_1_160' title='bbox 766 1849 818 1886; x_wconf 89' lang='lat' dir='ltr'><strong>non</strong></span> <span class='ocrx_word' id='word_1_161' title='bbox 828 1840 904 1902; x_wconf 88' lang='lat' dir='ltr'><strong>pate·</strong></span> 
     </span>
     <span class='ocr_line' id='line_1_24' title="bbox 30 1903 904 1976; baseline 0.003 -17"><span class='ocrx_word' id='word_1_162' title='bbox 30 1928 32 1932; x_wconf 53' lang='lat'><strong><em>¹</em></strong></span> <span class='ocrx_word' id='word_1_163' title='bbox 99 1913 145 1971; x_wconf 87' lang='lat' dir='ltr'><strong>ret,</strong></span> <span class='ocrx_word' id='word_1_164' title='bbox 169 1904 235 1959; x_wconf 84' lang='lat' dir='ltr'><strong>ferro</strong></span> <span class='ocrx_word' id='word_1_165' title='bbox 252 1903 436 1976; x_wconf 81' lang='lat' dir='ltr'><strong>patefacerent:</strong></span> <span class='ocrx_word' id='word_1_166' title='bbox 460 1910 526 1958; x_wconf 86' lang='lat' dir='ltr'><strong>satis</strong></span> <span class='ocrx_word' id='word_1_167' title='bbox 540 1903 729 1958; x_wconf 71' lang='lat' dir='ltr'><strong>matros&#39;tosres</strong></span> <span class='ocrx_word' id='word_1_168' title='bbox 743 1910 772 1959; x_wconf 80' lang='lat' dir='ltr'><strong>in</strong></span> <span class='ocrx_word' id='word_1_169' title='bbox 787 1906 904 1963; x_wconf 82' lang='lat' dir='ltr'><strong>Graecia</strong></span> 
     </span>
     <span class='ocr_line' id='line_1_25' title="bbox 97 1979 904 2048; baseline 0.004 -14"><span class='ocrx_word' id='word_1_170' title='bbox 97 1997 240 2044; x_wconf 85' lang='lat' dir='ltr'><strong>remanere,</strong></span> <span class='ocrx_word' id='word_1_171' title='bbox 253 1979 382 2042; x_wconf 64' lang='lat' dir='ltr'><strong>dictitans</strong></span> <span class='ocrx_word' id='word_1_172' title='bbox 395 1997 440 2032; x_wconf 85' lang='lat' dir='ltr'><strong>uec</strong></span> <span class='ocrx_word' id='word_1_173' title='bbox 450 1983 904 2048; x_wconf 71' lang='lat' dir='ltr'><strong>caperiaarueramretineadoopor·</strong></span> 
     </span>
     <span class='ocr_line' id='line_1_26' title="bbox 99 2050 903 2127; baseline 0.002 -18"><span class='ocrx_word' id='word_1_174' title='bbox 99 2065 172 2120; x_wconf 78' lang='lat' dir='ltr'><strong>tere,</strong></span> <span class='ocrx_word' id='word_1_175' title='bbox 186 2072 270 2127; x_wconf 89' lang='lat' dir='ltr'><strong>quum</strong></span> <span class='ocrx_word' id='word_1_176' title='bbox 282 2053 385 2108; x_wconf 87' lang='lat' dir='ltr'><strong>vincere</strong></span> <span class='ocrx_word' id='word_1_177' title='bbox 396 2050 505 2107; x_wconf 85' lang='lat' dir='ltr'><strong>consilio</strong></span> <span class='ocrx_word' id='word_1_178' title='bbox 515 2061 611 2108; x_wconf 89' lang='lat' dir='ltr'><strong>ceteros</strong></span> <span class='ocrx_word' id='word_1_179' title='bbox 622 2070 674 2107; x_wconf 91' lang='lat' dir='ltr'><strong>non</strong></span> <span class='ocrx_word' id='word_1_180' title='bbox 685 2062 779 2124; x_wconf 88' lang='lat' dir='ltr'><strong>posset,</strong></span> <span class='ocrx_word' id='word_1_181' title='bbox 786 2055 903 2112; x_wconf 88' lang='lat' dir='ltr'><strong>eundem</strong></span> 
     </span>
     <span class='ocr_line' id='line_1_27' title="bbox 98 2128 903 2199; baseline 0.001 -16"><span class='ocrx_word' id='word_1_182' title='bbox 98 2147 204 2184; x_wconf 86' lang='lat' dir='ltr'><strong>servum</strong></span> <span class='ocrx_word' id='word_1_183' title='bbox 220 2129 254 2184; x_wconf 88' lang='lat' dir='ltr'><strong>ad</strong></span> <span class='ocrx_word' id='word_1_184' title='bbox 267 2129 383 2182; x_wconf 86' lang='lat' dir='ltr'><strong>Xerxem</strong></span> <span class='ocrx_word' id='word_1_185' title='bbox 402 2128 489 2192; x_wconf 89' lang='lat' dir='ltr'><strong>mittit,</strong></span> <span class='ocrx_word' id='word_1_186' title='bbox 504 2129 693 2199; x_wconf 88' lang='lat' dir='ltr'><strong>certioremque</strong></span> <span class='ocrx_word' id='word_1_187' title='bbox 709 2129 811 2182; x_wconf 88' lang='lat' dir='ltr'><strong>consilii</strong></span> <span class='ocrx_word' id='word_1_188' title='bbox 829 2128 903 2195; x_wconf 83' lang='lat' dir='ltr'><strong>facit,</strong></span> 
     </span>
     <span class='ocr_line' id='line_1_28' title="bbox 98 2201 905 2275; baseline 0.004 -19"><span class='ocrx_word' id='word_1_189' title='bbox 98 2212 122 2256; x_wconf 90' lang='lat' dir='ltr'><strong>et</strong></span> <span class='ocrx_word' id='word_1_190' title='bbox 131 2221 257 2275; x_wconf 89' lang='lat' dir='ltr'><strong>occupare</strong></span> <span class='ocrx_word' id='word_1_191' title='bbox 270 2204 408 2258; x_wconf 86' lang='lat' dir='ltr'><strong>transitum</strong></span> <span class='ocrx_word' id='word_1_192' title='bbox 419 2211 545 2258; x_wconf 88' lang='lat' dir='ltr'><strong>maturata</strong></span> <span class='ocrx_word' id='word_1_193' title='bbox 556 2201 619 2274; x_wconf 80' lang='lat' dir='ltr'><strong>iuga</strong></span> <span class='ocrx_word' id='word_1_194' title='bbox 629 2203 710 2256; x_wconf 88' lang='lat' dir='ltr'><strong>iubet.</strong></span> <span class='ocrx_word' id='word_1_195' title='bbox 741 2203 787 2257; x_wconf 87' lang='lat' dir='ltr'><strong>Ille</strong></span> <span class='ocrx_word' id='word_1_196' title='bbox 796 2205 905 2275; x_wconf 87' lang='lat' dir='ltr'><strong>percul-</strong></span> 
     </span>
     <span class='ocr_line' id='line_1_29' title="bbox 98 2276 904 2350; baseline 0.007 -21"><span class='ocrx_word' id='word_1_197' title='bbox 98 2295 144 2329; x_wconf 86' lang='lat' dir='ltr'><strong>sus</strong></span> <span class='ocrx_word' id='word_1_198' title='bbox 164 2279 272 2343; x_wconf 89' lang='lat' dir='ltr'><strong>nuntio,</strong></span> <span class='ocrx_word' id='word_1_199' title='bbox 289 2279 368 2332; x_wconf 87' lang='lat' dir='ltr'><strong>tradit</strong></span> <span class='ocrx_word' id='word_1_200' title='bbox 382 2277 494 2332; x_wconf 86' lang='lat' dir='ltr'><strong>ducibus</strong></span> <span class='ocrx_word' id='word_1_201' title='bbox 510 2277 606 2331; x_wconf 89' lang='lat' dir='ltr'><strong>milites</strong></span> <span class='ocrx_word' id='word_1_202' title='bbox 623 2276 817 2348; x_wconf 90' lang='lat' dir='ltr'><strong>perducendos,</strong></span> <span class='ocrx_word' id='word_1_203' title='bbox 844 2279 904 2350; x_wconf 88' lang='lat' dir='ltr'><strong>ipse</strong></span> 
     </span>
     <span class='ocr_line' id='line_1_30' title="bbox 97 2352 906 2424; baseline 0.01 -22"><span class='ocrx_word' id='word_1_204' title='bbox 97 2366 159 2403; x_wconf 88' lang='lat' dir='ltr'><strong>cum</strong></span> <span class='ocrx_word' id='word_1_205' title='bbox 171 2353 262 2420; x_wconf 87' lang='lat' dir='ltr'><strong>paucis</strong></span> <span class='ocrx_word' id='word_1_206' title='bbox 272 2352 386 2424; x_wconf 78' lang='lat' dir='ltr'><strong>Abydon</strong></span> <span class='ocrx_word' id='word_1_207' title='bbox 396 2352 537 2407; x_wconf 87' lang='lat' dir='ltr'><strong>contendit.</strong></span> <span class='ocrx_word' id='word_1_208' title='bbox 559 2352 609 2406; x_wconf 92' lang='lat' dir='ltr'><strong>Ubi</strong></span> <span class='ocrx_word' id='word_1_209' title='bbox 620 2371 705 2424; x_wconf 89' lang='lat' dir='ltr'><strong>quum</strong></span> <span class='ocrx_word' id='word_1_210' title='bbox 711 2352 827 2408; x_wconf 84' lang='lat' dir='ltr'><strong>solutum</strong></span> <span class='ocrx_word' id='word_1_211' title='bbox 833 2371 906 2424; x_wconf 87' lang='lat' dir='ltr'><strong>pon-</strong></span> 
     </span>
     <span class='ocr_line' id='line_1_31' title="bbox 97 2423 906 2499; baseline 0.017 -27.964"><span class='ocrx_word' id='word_1_212' title='bbox 97 2428 150 2474; x_wconf 89' lang='lat' dir='ltr'><strong>tem</strong></span> <span class='ocrx_word' id='word_1_213' title='bbox 161 2423 279 2480; x_wconf 88' lang='lat' dir='ltr'><strong>hibernis</strong></span> <span class='ocrx_word' id='word_1_214' title='bbox 288 2426 486 2497; x_wconf 87' lang='lat' dir='ltr'><strong>tempestatibus</strong></span> <span class='ocrx_word' id='word_1_215' title='bbox 495 2426 653 2492; x_wconf 81' lang='lat' dir='ltr'><strong>offendisset,</strong></span> <span class='ocrx_word' id='word_1_216' title='bbox 661 2428 906 2499; x_wconf 85' lang='lat' dir='ltr'><strong>piscatoriascapha</strong></span> 
     </span>
     <span class='ocr_line' id='line_1_32' title="bbox 97 2496 909 2575; baseline 0.02 -31"><span class='ocrx_word' id='word_1_217' title='bbox 97 2496 215 2575; x_wconf 77' lang='lat' dir='ltr'><strong>trepidus</strong></span> <span class='ocrx_word' id='word_1_218' title='bbox 229 2497 336 2552; x_wconf 89' lang='lat' dir='ltr'><strong>traiecit.</strong></span> <span class='ocrx_word' id='word_1_219' title='bbox 366 2501 428 2554; x_wconf 90' lang='lat' dir='ltr'><strong>Erat</strong></span> <span class='ocrx_word' id='word_1_220' title='bbox 443 2519 483 2555; x_wconf 87' lang='lat' dir='ltr'><strong>res</strong></span> <span class='ocrx_word' id='word_1_221' title='bbox 499 2501 645 2573; x_wconf 87' lang='lat' dir='ltr'><strong>spectaculo</strong></span> <span class='ocrx_word' id='word_1_222' title='bbox 654 2502 734 2575; x_wconf 79' lang='lat' dir='ltr'><strong>digna</strong></span> <span class='ocrx_word' id='word_1_223' title='bbox 745 2510 770 2557; x_wconf 88' lang='lat' dir='ltr'><strong>et</strong></span> <span class='ocrx_word' id='word_1_224' title='bbox 778 2504 909 2560; x_wconf 88' lang='lat' dir='ltr'><strong>aestima-</strong></span> 
     </span>
     <span class='ocr_line' id='line_1_33' title="bbox 96 2569 999 2652; baseline 0.018 -36"><span class='ocrx_word' id='word_1_225' title='bbox 96 2569 912 2652; x_wconf 79' lang='lat' dir='ltr'><strong>tronesortishumanae‚rerumvarietatemirandae,inexiguo</strong></span> <span class='ocrx_word' id='word_1_226' title='bbox 998 2589 999 2638; x_wconf 62' lang='grc' dir='ltr'>ξ</span> 
     </span>
     <span class='ocr_line' id='line_1_34' title="bbox 97 2634 999 2726; baseline 0.028 -40"><span class='ocrx_word' id='word_1_227' title='bbox 97 2634 219 2692; x_wconf 90' lang='lat' dir='ltr'><strong>latentem</strong></span> <span class='ocrx_word' id='word_1_228' title='bbox 240 2645 327 2699; x_wconf 73' lang='lat' dir='ltr'><strong>uidere</strong></span> <span class='ocrx_word' id='word_1_229' title='bbox 341 2646 456 2720; x_wconf 79' lang='lat' dir='ltr'><strong>navigio,</strong></span> <span class='ocrx_word' id='word_1_230' title='bbox 478 2667 558 2720; x_wconf 88' lang='lat' dir='ltr'><strong>quern</strong></span> <span class='ocrx_word' id='word_1_231' title='bbox 575 2651 655 2722; x_wconf 89' lang='lat' dir='ltr'><strong>paulo</strong></span> <span class='ocrx_word' id='word_1_232' title='bbox 668 2660 727 2708; x_wconf 83' lang='lat' dir='ltr'><strong>ante</strong></span> <span class='ocrx_word' id='word_1_233' title='bbox 741 2654 786 2709; x_wconf 87' lang='lat' dir='ltr'><strong>vix</strong></span> <span class='ocrx_word' id='word_1_234' title='bbox 803 2671 914 2726; x_wconf 83' lang='lat' dir='ltr'><strong>aequor·</strong></span> <span class='ocrx_word' id='word_1_235' title='bbox 998 2685 999 2720; x_wconf 58' lang='lat'><strong>,</strong></span> 
     </span>
    </p>
   </div>
   <div class='ocr_carea' id='block_1_3' title="bbox 0 0 1012 3000">
    <p class='ocr_par' dir='ltr' id='par_1_4' title="bbox 0 0 1012 3000">
     <span class='ocr_line' id='line_1_35' title="bbox 0 0 1012 3000; baseline 0 1"><span class='ocrx_word' id='word_1_236' title='bbox 0 0 1012 3000; x_wconf 95' lang='lat' dir='ltr'><strong> </strong></span> 
     </span>
    </p>
   </div>
  </div>
 </body>
</html>
