2014 3000
344 149 423 214 'niu
443 168 488 214 rx,
519 169 599 216 cnr.
622 169 645 216 a.
865 163 899 217 77

88 265 162 320 risus
172 265 324 337 Philippus,
335 265 417 322 soluta
428 269 564 323 obsidione
573 265 819 342 ByzantiiSeytbica
829 269 898 324 bella

87 340 259 414 adgreditur,
275 343 427 411 praemissis
443 343 547 416 legatie,
568 362 622 415 quo
636 346 779 398 securiores
793 343 895 408 iaceret,

84 416 138 486 qui
151 416 276 470 nuntient
290 414 401 472 Atheae:
424 423 485 472 dum
500 421 660 486 Byzantium
674 423 780 482 obsidet,
796 425 897 473 uouisse

87 499 247 545 aestatuum
268 491 392 560 Hereuti;
416 497 451 546 ad
465 511 543 562 quum
558 499 586 547 in
602 499 667 547 ostio
679 495 744 548 istri
750 500 897 561 ponendum

85 583 116 620 se
125 569 216 620 riunire
220 585 230 633 ,·
252 575 377 634 pecatum
388 585 520 621 necessum
534 572 569 622 ad
584 571 733 637 relipionem
743 573 785 622 dei
795 577 894 638 petens,

6 659 7 714 i
86 645 192 694 amiens
206 645 261 707 ipse
274 640 377 709 Seuthis
390 651 525 696 uenturus.
555 641 610 700 llle.
627 648 651 696 si
661 652 719 696 voto
728 648 802 711 fuupi
812 647 895 706 uellet,

6 777 7 780 Ἴ
86 723 207 768 statuum
219 719 271 768 eibi
283 721 352 769 mitti
364 715 450 770 iubet:
472 735 524 770 non
537 721 612 770 ruodo
626 725 656 769 ut
667 727 796 784 ponetur,
808 735 897 770 oerum

6 795 7 798 ’
87 794 170 842 etiam
180 797 208 841 ut
221 793 349 844 inuiolata
362 801 473 854 rnuneut,
485 791 635 862 pollicetur;
658 796 802 844 accercitum
812 800 897 844 autern

6 863 7 868 ’
86 867 154 934 fines
172 867 276 932 inpredi
295 875 373 936 negat
390 883 418 918 se
429 883 580 933 passurum.
607 867 647 923 Ac
656 871 681 919 si
695 871 785 918 inuitis
794 865 897 932 Scythis

86 947 205 992 statuum
212 947 302 1005 ponat,
315 957 344 992 eo
356 944 471 1008 diyresso
481 945 645 994 sublaturum
657 958 843 1008 uersurumque
853 958 897 993 ues

86 1021 194 1067 stutuuo
213 1017 242 1066 in
259 1017 363 1066 aculeos
385 1020 549 1082 supitturum.
580 1015 627 1068 llis
641 1015 776 1086 utrimque
790 1015 897 1068 irritatis

87 1087 188 1142 animis
201 1087 332 1158 proelium
343 1089 524 1143 committitur.
545 1089 635 1155 Quum
646 1091 742 1144 virtute
751 1097 775 1142 et
786 1105 897 1144 numero

86 1169 252 1234 praestarent
271 1161 391 1236 Scythae,
413 1172 472 1217 astu
482 1163 597 1235 Philippi
608 1165 762 1218 vincuntur.
798 1164 896 1236 Viginti

86 1236 176 1292 millia
195 1253 339 1308 puerorum
354 1255 385 1291 ac
398 1237 558 1292 feminarum
572 1247 658 1310 capta;
684 1239 785 1310 pecoris
799 1255 897 1310 magna

88 1313 140 1376 vis,
163 1312 223 1366 auri
237 1312 392 1384 argentique
406 1313 483 1367 nibil.
517 1315 554 1367 Ea
575 1315 692 1384 primum
714 1314 778 1366 fides
793 1315 897 1384 inopiae
938 1336 940 1340 ’

6 1395 7 1398 ’
86 1387 229 1460 Scythicae
247 1386 308 1440 fuit.
335 1388 435 1460 Viginti
455 1387 537 1442 millia
559 1389 690 1442 nobilium
710 1406 840 1459 equarum
863 1388 897 1442 ad

85 1479 176 1536 genus
187 1460 337 1516 laciendum
347 1463 375 1516 in
388 1462 567 1517 Macedoniam
579 1464 669 1516 missa.

145 1535 219 1590 Cer.
240 1538 285 1590 Ill.
296 1597 303 1602 ,
316 1536 367 1591 Sed
378 1538 518 1591 revertenti
538 1537 571 1590 ab
588 1537 695 1610 Scythia
706 1534 815 1606 Triballi
835 1536 899 1588 Phi-

86 1611 323 1682 lippoooourrunt;
346 1619 443 1684 negant
455 1630 482 1667 se
495 1617 635 1666 transitum
647 1615 764 1673 daturos,
777 1615 805 1664 ni
811 1616 899 1677 porti-

85 1704 165 1741 onem
178 1691 313 1754 ueeipiuut
322 1693 449 1755 praedae.
483 1687 550 1739 Hinc
564 1686 682 1759 iurgium
696 1693 722 1739 et
732 1701 794 1738 mox
805 1683 898 1755 proeli-

85 1779 153 1829 um,
176 1761 205 1816 in
220 1778 275 1833 quo
290 1762 324 1814 ita
340 1762 368 1816 in
383 1761 480 1816 femore
493 1759 647 1816 vulneratus
657 1769 695 1814 est
708 1759 856 1830 Philippus,
869 1768 899 1814 ut

77 1854 137 1908 ¹per
146 1853 243 1908 corpus
257 1836 315 1890 eius
325 1854 411 1908 equus
422 1837 618 1891 interficeretur.
649 1835 739 1902 Quum
753 1851 844 1889 omnes
855 1853 899 1890 oe-

85 1911 178 1965 cisum
192 1918 324 1982 putarent,
339 1912 435 1982 praeda
448 1911 545 1966 amissa
555 1918 603 1965 est.
634 1914 671 1965 lta
682 1910 812 1984 Scythica,
826 1910 898 1965 velut

85 1986 194 2051 devota,
211 1986 295 2058 spolia
309 2003 392 2057 paene
405 1986 522 2040 luctuosa
535 1985 722 2040 Macedonibus
733 1984 814 2039 luere.
847 1987 897 2039 Ubi

85 2059 899 2132 veroexvulnereprimumconvaluit,diudissimulatumbel-

85 2137 149 2191 lum
165 2136 373 2190 Atheniensibus
387 2135 477 2190 infert:
504 2135 620 2208 quorum
635 2152 729 2188 causae
738 2133 857 2187 Thebani
871 2153 899 2189 se

84 2213 212 2276 iunxere,
224 2217 379 2276 metuentes
393 2229 425 2265 ne
435 2210 511 2266 vietis
521 2210 728 2264 Atheniensibus
738 2208 820 2264 veluti
833 2209 900 2263 vici-

6 2291 7 2296 ’
86 2304 158 2342 num
169 2285 324 2340 incendium
335 2285 397 2340 belli
408 2285 478 2340 adse
488 2285 618 2340 transiret.
651 2285 729 2339 Facta
740 2283 821 2357 igitur
832 2285 898 2340 inter

83 2362 158 2416 duas
167 2360 260 2433 paullo
270 2368 329 2414 ante
340 2360 523 2418 infestissimas
529 2361 646 2414 civitates
656 2361 784 2425 societate,
793 2359 900 2432 legatio-

73 2437 173 2492 ¹nibus
193 2435 332 2491 Graeciam
355 2435 478 2508 fatigant;
516 2453 672 2489 communem
691 2439 787 2489 boetem
806 2444 900 2504 putant

7 2533 8 2538 ¹
85 2515 270 2567 communibus
286 2514 390 2566 uiribus.
400 2515 612 2578 submovendum
638 2527 719 2579 ireque
734 2515 801 2562 enirn
815 2525 899 2560 cessu-

88 2579 183 2641 turum
199 2587 356 2654 Philippum,
375 2591 400 2640 si
414 2603 539 2654 prospere
550 2590 639 2653 primo
652 2585 831 2640 successerint,
848 2581 901 2629 nisi

83 2680 190 2717 omnem
208 2661 349 2718 Graeciam
363 2665 500 2716 domuerit.
531 2661 615 2716 Motae
632 2656 763 2730 quaedam
783 2650 901 2704 civitates
