1998 3006
91 219 139 274 l32
324 223 475 268 IUSTINI
493 223 652 268 HIS'I'OR.

88 325 155 379 buit.
190 323 365 396 Lysimachus
379 340 486 394 quoquc
500 340 596 396 magno
611 323 700 376 animo
714 323 794 396 regis,
811 323 894 380 ueluti

88 398 212 470 parentis,
234 397 419 452 contumeliam
433 397 502 452 tulit.
533 398 652 470 Denique
666 398 738 452 omni
753 415 787 450 ex
803 397 893 452 animo

89 474 170 526 huius
183 471 241 525 lacti
253 473 377 526 memoria
387 473 523 528 exturbata
533 481 620 544 postea
634 473 661 526 in
671 472 743 526 India
756 472 893 526 insectanti

88 547 144 619 regi
159 547 288 618 quosdam
304 547 421 618 palantes
432 547 528 611 hostes,
540 564 625 619 quum
636 565 650 600 a
664 546 805 601 satellitum
815 547 893 602 turba

88 621 151 692 equi
169 621 212 676 sui
226 621 354 676 celeritate
368 623 486 676 desertus
500 631 576 686 esset,
595 621 668 677 solus
686 623 765 692 siper
778 621 893 676 immen-

89 713 132 750 sas
144 714 283 751 arenarum
293 697 374 751 moles
385 715 479 751 cursus
489 714 575 751 comes
586 695 645 750 fuit.
675 696 751 762 Quod
761 696 831 750 idem
845 715 893 751 an·

87 778 129 826 tea
145 771 292 843 Philippus,
309 771 465 837 faleratus,
486 789 573 843 quum
586 771 668 826 iacere
678 771 813 835 voluisset,
826 771 894 826 inter

88 863 185 921 manus
200 847 269 920 regis
284 848 468 918 exspiraverat.
497 846 548 900 Sed
561 846 751 920 Lysimachum
767 845 894 900 desiliens

89 938 158 993 equo
172 921 319 976 Alexander
332 923 421 976 bastae
431 921 540 993 cuspide
552 923 587 976 ita
600 923 627 976 in
638 921 722 976 fronte
732 919 892 985 vulneravit,
989 965 990 976 ,

88 1003 119 1050 ut
138 996 247 1069 sanguis
262 996 335 1050 aliter
349 996 420 1050 cludi
436 1013 488 1050 non
505 1006 592 1067 posset
609 995 690 1068 quam
706 996 827 1050 diadema
840 996 895 1050 sibi
989 1039 990 1048 ,

89 1071 208 1125 demtum
223 1087 269 1124 rex
281 1071 416 1144 adligandi
427 1070 546 1125 vulneris
556 1089 634 1125 causa
646 1071 722 1142 capiti
735 1071 792 1125 eius
806 1071 895 1142 impo-
989 1121 990 1124 ,

88 1154 170 1200 neret.
191 1144 265 1210 Quod
279 1146 427 1217 auspicium
437 1147 555 1216 primum
566 1145 895 1219 regalismaiestatisLysi-
989 1147 990 1208 ᾗ

87 1221 181 1274 macho
194 1218 253 1273 fuit.
275 1220 360 1274 Sedet
370 1228 427 1291 post
437 1229 546 1274 mortem
560 1221 711 1286 Alexandri,
727 1238 813 1292 quum
824 1221 896 1274 inter
989 1245 990 1292 g

86 1311 249 1350 successores
268 1295 325 1350 eius
342 1295 492 1367 provinciae
505 1295 697 1361 dividerentur,
716 1294 896 1350 ferocissimae
989 1293 990 1326 ³

86 1377 177 1442 gentes
192 1371 269 1441 quasi
285 1373 406 1426 omnium
416 1369 558 1425 fortissimo
568 1371 719 1444 adsignatae
729 1378 805 1425 sunt:
828 1371 896 1426 adeo

86 1445 165 1500 ctiam
182 1462 312 1500 consensu
330 1447 514 1501 universorum
531 1444 647 1518 palmam
659 1445 763 1500 virtutis
773 1445 842 1500 inter
852 1463 897 1500 33-

86 1528 154 1574 teros
165 1519 235 1575 tulit.

142 1596 209 1652 Cin.
230 1596 273 1651 lV.
296 1595 453 1668 Priusquam
470 1594 572 1650 bellum
585 1595 653 1649 inter
663 1594 840 1650 Ptolemaeum
851 1613 898 1652 so-

86 1671 194 1742 ciosque
204 1671 260 1724 eius
272 1671 398 1725 adversus
409 1669 572 1743 Antigonum
577 1670 790 1735 committeretur,
798 1667 899 1742 repen·

87 1754 111 1798 te
132 1764 165 1800 ex
184 1745 245 1799 Asia
261 1745 359 1799 maiore
373 1745 508 1817 digressus
524 1745 648 1800 Seleucus
664 1763 749 1799 novus
759 1744 898 1820 Antigono

86 1820 170 1874 hostis
180 1826 328 1874 accesserat.
359 1820 444 1872 Huius
455 1838 563 1892 quoque
572 1829 597 1874 et
607 1820 691 1874 virtus
702 1819 770 1874 clara
780 1828 806 1874 et
818 1821 898 1894 origo

86 1893 251 1950 admirabilis
266 1893 330 1948 luit:
352 1894 485 1965 siquidem
500 1903 582 1949 mater
596 1895 653 1949 eius
670 1895 792 1960 Laudice,
805 1913 899 1967 quum

87 1977 169 2041 nupta
179 1975 246 2022 esset
256 1967 392 2034 Antiocho,
404 1968 473 2023 claro
482 1969 549 2023 inter
559 1969 675 2041 Philippi
685 1970 766 2024 duces
778 1969 844 2036 viro,
852 1972 899 2026 vi-

87 2065 115 2100 sa
129 2053 168 2100 cst
176 2043 227 2098 sibi
241 2062 287 2115 per
298 2043 411 2116 quietem
423 2061 456 2098 ex
466 2045 606 2099 concubitu
616 2043 748 2116 Apollinis
757 2045 898 2116 concepis-

8 2149 22 2153 ··
43 2153 54 2159 -
69 2139 128 2190 -se3
149 2119 340 2194 gravidamque
354 2117 447 2173 factam
464 2137 565 2174 munus
577 2120 732 2175 concubitus
747 2120 862 2174 anulum
882 2139 898 2176 a

87 2199 136 2251 deo
155 2197 296 2268 accepisse,
314 2195 342 2249 in
362 2195 439 2248 cuius
460 2213 566 2268 gemma
581 2211 674 2249 ancora
690 2193 792 2266 sculpta
807 2204 895 2264 esset;

86 2273 212 2343 iussaque
221 2272 321 2327 donum
332 2269 481 2343 filio,quem
488 2270 637 2341 peperisset,
649 2269 718 2324 dare.
740 2269 898 2324 Admirabi-

87 2345 138 2399 lem
150 2346 209 2400 iecit
218 2347 291 2401 bunc
302 2346 390 2400 visum
401 2353 426 2399 et
435 2345 539 2409 anulus,
552 2345 598 2416 qui
610 2351 710 2415 postera
721 2344 764 2398 die
771 2345 896 2400 eiusdem

86 2419 236 2488 sculpturae
250 2420 278 2474 in
292 2419 357 2474 lecto
370 2420 494 2474 inventus
503 2427 549 2484 est,
561 2427 586 2474 et
595 2420 680 2492 figura
690 2437 808 2485 ancorae,
823 2439 898 2492 quae

86 2491 113 2543 in
129 2491 227 2546 femore
241 2493 342 2546 Seleuci
353 2502 413 2548 nata
427 2512 488 2549 cum
504 2495 561 2564 ipso
575 2493 686 2564 parvulo
700 2494 759 2548 luit.
790 2494 899 2562 Quam-

86 2563 176 2615 obrem
195 2566 309 2618 Laudice
323 2566 434 2622 anulum
450 2568 557 2622 Seleuco
571 2568 643 2622 eunti
663 2585 725 2623 cum
741 2568 899 2626 Alexandro

85 2633 181 2712 Magno
192 2637 225 2688 ad
235 2639 364 2691 Persicam
376 2641 508 2706 militiam,
520 2642 610 2696 edocto
623 2643 655 2696 de
667 2645 769 2716 origine
779 2662 837 2708 sua,
847 2643 899 2700 de—

86 2701 131 2752 dit.
153 2705 202 2757 Ubi
211 2718 389 2776 postmortem
399 2713 543 2770 Alexandri
555 2717 899 2792 occupatoregnoOrientis
