1998 3006
84 161 132 213 ild
315 165 467 211 IUSTINI
485 164 642 212 HISTOR.

80 275 142 338 ptus
161 273 240 330 esset;
262 283 344 337 quam
360 283 437 335 saepe
451 283 498 336 pro
513 266 610 319 amisso
624 273 727 336 repente
736 281 764 318 so
777 283 831 320 non
843 283 891 321 so-

81 343 175 412 spitem
190 346 292 394 tantum
308 340 374 403 suis,
392 357 484 393 verum
500 341 578 394 etiam
598 341 720 394 victorem
734 339 888 396 obtulisset.

83 418 115 470 Ut
125 432 185 468 vero
199 416 289 469 mortis
303 415 361 468 eius
373 413 437 467 fides
448 413 540 480 adfuit,
556 432 647 468 omnes
658 414 782 468 barbarae
791 423 889 486 gentes

81 489 169 561 paullo
179 498 239 543 ante
253 490 286 544 ab
295 507 325 542 eo
335 488 451 542 devictae
462 507 514 543 non
526 499 554 542 ut
562 489 673 554 hostem,
689 489 735 542 sed
746 497 774 542 ut
788 506 890 559 paren-

80 564 279 618 tem—luxerunt.
310 565 390 618 Mater
406 581 513 635 quoque
523 565 593 617 Darii
603 564 681 636 regis,
694 581 774 634 quam
785 564 890 619 amisso

82 639 136 694 filio
146 657 160 694 a
171 639 275 712 fastigio
284 646 370 694 mutae
383 639 525 692 maiestatis
536 639 564 692 in
570 639 743 709 captivitatem
753 638 888 694 redactam

81 714 244 788 indulgentia
257 714 361 769 victoris
372 714 399 767 in
414 731 471 767 eam
485 713 555 767 diem
569 714 635 767 vitae
648 731 700 768 non
712 713 886 784 poenituerat,

81 790 168 844 audita
180 799 262 844 morte
272 789 415 844 Alexandri
426 796 535 842 mertem
547 789 598 842 sibi
610 789 666 858 ipsa
672 788 816 860 conscivit:
831 806 888 844 non

81 865 153 936 quod
169 865 270 918 hostem
285 865 340 918 filio
355 862 502 934 praeferret,
517 863 563 916 sed
576 863 648 934 quod
662 863 782 933 pietatem
797 861 846 916 filii
858 865 889 918 in

81 957 119 1002 eo,
142 957 222 1010 quem
242 947 272 992 ut
291 939 391 992 hostem
406 938 542 1003 timuerat,
558 946 663 1008 experta
678 947 754 991 esset.
789 937 890 994 Contra

81 1013 234 1068 Macedones
249 1030 325 1066 versa
339 1013 396 1066 viee
410 1031 460 1066 non
473 1021 503 1066 ut
512 1014 597 1066 civem
607 1030 637 1066 ac
646 1020 731 1066 tantae
741 1012 891 1067 maiestatis

82 1105 179 1160 regem,
200 1105 293 1140 verum
303 1095 333 1140 ut
347 1087 447 1140 hostem
465 1089 594 1142 amissum
610 1087 768 1160 gaudebant,
786 1089 893 1141 severi-

79 1170 158 1216 tatem
180 1162 290 1214 nimiam
312 1170 336 1214 et
354 1162 465 1216 adsidua
489 1163 551 1216 belli
571 1162 686 1233 pericula
709 1171 888 1217 exsecrantes.

82 1235 890 1311 lluoacoedebat,quodprincipesregnumetimperia,vulgus

81 1311 197 1364 militum
212 1311 348 1365 thesauros
362 1320 387 1365 et
398 1313 498 1384 grande
513 1312 616 1382 pondus
631 1313 697 1374 auri,
716 1311 788 1366 velut
798 1312 891 1382 iuopi-

81 1394 169 1440 natam
180 1386 312 1456 praedam,
325 1387 490 1457 spectabant:
507 1387 546 1439 illi
556 1387 747 1440 successionem
759 1386 844 1458 regni,
858 1387 893 1442 hi

80 1478 161 1532 opum
173 1479 203 1514 ac
212 1461 365 1514 divitiarum
376 1461 542 1516 hereditatem
554 1462 703 1533 cogitantes.
724 1461 805 1514 Erant
812 1462 892 1516 enirn

81 1536 109 1589 in
125 1536 255 1590 thesauris
270 1535 464 1608 quinquaginta
481 1535 563 1589 millia
579 1535 715 1598 talentum,
728 1535 784 1588 etin
795 1553 894 1592 annuo

82 1610 201 1683 vectigali
217 1611 314 1664 tributo
325 1611 421 1664 tricena
436 1609 529 1665 millia.
559 1609 609 1664 Sed
621 1626 668 1663 nec
678 1609 754 1663 aurici
768 1609 893 1665 Alexan-

81 1685 121 1758 dri
141 1685 237 1738 frustra
260 1702 372 1756 regnum
392 1685 556 1754 spectabant:
588 1703 649 1738 nam
664 1685 722 1738 eius
737 1685 842 1738 virtutis
857 1703 895 1741 ac

82 1759 255 1813 venerationis
271 1767 352 1822 erant,
370 1767 399 1812 ut
413 1759 532 1833 singulos
548 1777 621 1832 reges
636 1766 750 1830 putares.
781 1759 895 1832 Quippe

80 1851 109 1888 ea
121 1832 218 1886 termae
228 1831 397 1902 pulchritudo
407 1841 432 1887 et
442 1833 581 1904 proceritas
592 1834 706 1904 corporis
715 1834 846 1888 etviriurn
857 1853 895 1890 ao

80 1908 222 1978 sapientiae
233 1907 388 1980 magnitudo
398 1908 426 1961 in
436 1909 562 1963 omnibus
572 1907 630 1972 tuit,
644 1915 681 1972 ut,
697 1909 744 1979 qui
755 1925 799 1962 eos
810 1909 894 1981 igno-

81 1992 157 2048 raret,
178 2000 230 2036 non
246 1999 279 2036 ex
295 2001 354 2058 una!
362 1993 447 2056 gente,
459 1983 505 2036 sed
515 2002 547 2038 ex
560 1991 610 2037 toto
621 1992 748 2037 terrarum
760 1985 823 2037 orbe
833 1984 894 2038 ele-

80 2067 134 2112 etos
153 2057 288 2111 iudicaret.
320 2060 412 2129 Neque
429 2058 500 2111 enim
516 2076 645 2130 umquam
661 2066 720 2111 ante
734 2059 893 2116 Macedonia

80 2133 122 2188 vel
139 2133 192 2188 ulla
208 2151 273 2206 gens
288 2132 338 2186 alia
353 2141 404 2186 tam
421 2132 552 2187 clarorum
566 2134 684 2186 virorum
698 2133 895 2204 proventullo-

80 2209 147 2264 ruit:
168 2226 236 2280 quos
249 2209 335 2279 primo
345 2207 493 2278 Philippus,
507 2225 569 2263 mox
580 2207 727 2262 Alexander
741 2215 810 2262 tanta
821 2225 893 2265 cura

80 2281 185 2354 legerat,
199 2291 290 2337 utnon
303 2292 354 2336 tam
366 2282 398 2336 ad
409 2283 556 2336 societatem
567 2282 638 2345 belli,
648 2299 728 2354 quam
741 2282 766 2335 in
779 2300 896 2338 succes-

79 2357 179 2408 sionem
190 2357 274 2428 regni‚
288 2357 360 2410 electi
373 2357 532 2410 viderentur.
554 2355 620 2422 Quis
631 2357 837 2428 igiturmiretur.
846 2367 897 2414 ta-

79 2427 150 2480 lihus
165 2429 294 2484 ministris
309 2431 399 2484 orhem
417 2439 545 2484 terrarum
559 2432 668 2494 victum,
685 2449 771 2502 quum
784 2434 897 2488 exerei-

79 2506 125 2581 tus
132 2501 302 2556 Macedonum
314 2511 358 2566 tot,
367 2521 417 2558 non
429 2504 553 2569 ducibus,
560 2506 607 2559 sed
617 2506 725 2578 regibus
736 2509 898 2580 regeretur?

78 2585 124 2635 qm
138 2589 276 2651 nunquam
286 2577 337 2628 sibi
349 2578 504 2646 reperissent
514 2597 598 2649 pares,
609 2581 632 2633 si
642 2598 693 2634 non
706 2581 774 2634 inter
782 2598 810 2634 se
820 2598 896 2638 con-

77 2653 236 2709 currissent,
259 2647 411 2718 multosque
424 2653 575 2708 Macedonia
590 2671 638 2725 pro
651 2671 706 2710 uno
719 2655 897 2713 Alexandros
