1984 3010
106 177 140 232 82
343 181 493 228 IUSTINI
514 181 669 226 HISTOR.
751 207 757 211 -
814 144 817 153 ›

106 281 188 335 minis
204 285 229 334 et
247 277 375 335 sollertiae
390 280 482 351 plena:
503 287 533 336 ut
547 297 596 335 nec
608 279 712 335 ornatui
727 277 847 344 facilitas,
865 299 913 336 nec
948 281 957 302 ’

106 355 223 410 facilitati
233 355 418 410 inventionum
427 355 528 410 deesset
536 363 654 410 ornatus.
679 355 747 408 Huic
762 353 914 410 Alexander

107 428 179 484 filius
199 429 324 484 successit
342 436 367 484 et
375 429 478 484 'virtute
493 438 518 484 et
527 430 599 485 vitiis
611 437 685 500 patre
698 429 789 484 maior.
820 431 913 502 Itaque

106 503 231 560 vincendi
245 505 310 558 ratio
321 504 429 576 utrique
443 504 554 559 diversa.
586 505 633 558 llio
647 501 734 574 aperta
743 505 782 569 vi,
794 503 840 558 ille
849 506 911 559 arti-

105 577 235 634 busbella
250 579 384 634 tractabat.
414 579 531 650 Deceptis
543 579 588 632 ille
596 579 711 651 gaudere
724 579 855 643 hostibus,
868 580 912 634 hic

105 654 194 726 palam
204 653 281 709 lusis.
302 653 637 719 Prudentiorilleoonsilio,
652 654 912 726 hicanimomagni-

108 730 235 785 licentior.
274 731 345 784 Iram
363 738 435 802 pater
454 729 630 792 dissimulare,
651 728 811 799 plerumque
833 729 910 783 etiam

106 805 226 860 vincere:
247 805 347 860 hicubi
357 805 505 869 exarsisset,
522 820 570 858 nec
578 802 667 857 dilatio
677 802 786 856 ultionis
797 820 845 858 nec
855 821 911 858 rno-

107 879 159 934 dus
168 886 229 934 erat.
236 880 297 936 Vini
308 880 388 933 nimis
400 887 507 950 uterque
517 878 625 933 avidus:
636 877 682 930 sed
687 876 819 931 ebrietatis
824 878 912 933 diver·

108 971 136 1008 sa
152 953 226 1009 vitia.
257 953 326 1006 Patri
346 971 404 1007 mos
422 962 476 1008 erat
490 953 568 1006 etiam
578 952 610 1006 de
627 951 750 1007 convivio
765 953 793 1006 in
808 952 911 1007 hostem
982 1017 983 1020 Ἴ

107 1043 267 1097 procurrere,
282 1044 392 1080 manum
403 1044 545 1092 conserere,
557 1025 681 1099 periculis
691 1043 719 1080 se
729 1033 826 1081 temere
835 1027 911 1082 offer·
982 1047 983 1098 3

106 1119 147 1154 re:
180 1099 329 1154 Alexander
348 1101 440 1156 nonin
455 1103 565 1168 hostem,
583 1101 629 1156 sed
643 1101 670 1154 in
684 1118 747 1155 suos
766 1101 908 1156 saeviebat.
982 1133 983 1158 r

107 1171 283 1240 Quamobrem
293 1175 447 1246 Philippum
457 1194 533 1248 saepe
542 1175 710 1231 vulneratum
721 1175 820 1246 proelia
830 1177 911 1231 remi·

106 1266 174 1303 sere:
196 1249 241 1303 hic
254 1249 400 1304 amicorum
414 1251 559 1306 interlector
573 1251 695 1305 convivio
704 1249 855 1322 frequenter
864 1270 911 1306 ex·
982 1259 983 1320 ᾖ

106 1323 192 1378 cessit.
227 1325 346 1398 Regnare
359 1324 404 1378 illa
418 1343 479 1380 cum
493 1327 585 1380 amieis
596 1324 706 1389 volebat,
719 1325 911 1391 hicinamicos

106 1399 341 1471 regnaexeroebat.
371 1397 462 1454 hmari
471 1409 543 1471 pater
552 1399 640 1465 malle,
655 1399 699 1453 hic
711 1399 803 1454 metui.
829 1401 911 1456 Litte-
982 1407 983 1430 ³

106 1492 196 1528 rarum
210 1474 297 1529 cultus
307 1474 413 1547 utrique
423 1475 526 1528 similis.
555 1475 689 1530 Sollertiae
700 1482 774 1546 pater
789 1475 909 1542 maioris,

106 1550 149 1603 hic
169 1551 237 1605 fidei.
273 1550 365 1606 Verbis
385 1557 463 1622 atque
475 1549 589 1604 oratione
603 1549 752 1620 Philippus,
769 1549 814 1603 hic
828 1551 911 1606 rebus

106 1625 269 1680 moderatior.
299 1625 425 1679 Parcendi
438 1625 514 1680 victis
530 1625 586 1678 filio
595 1625 701 1678 animus
713 1631 739 1678 et
747 1625 877 1694 promtior
885 1635 911 1680 et

106 1699 250 1765 honestior3
273 1697 317 1751 ille
332 1716 380 1753 nec
389 1699 466 1752 sociis
476 1698 630 1753 abstinebat.
660 1700 680 1752 F
682 1699 816 1772 rugalitati
825 1708 910 1770 pater,

106 1771 226 1826 luxuriae
237 1771 308 1825 tilius
317 1773 404 1844 magis
412 1772 517 1827 deditus
528 1781 591 1828 erat.
610 1771 714 1839 Quibus
725 1774 826 1828 artibus
836 1775 911 1828 orbis

106 1846 209 1916 imperii
228 1845 398 1900 fundamenta
417 1853 490 1917 pater
509 1847 576 1914 iecit,
598 1849 683 1920 operis
702 1847 782 1904 totius
795 1848 910 1922 gloriam

106 1919 175 1974 filius
186 1920 389 1976 consummavit.

393 2054 619 2084 ..ι-αωοβ·-

235 2239 430 2296 LIBER
477 2235 772 2296 DECIMUS.

412 2365 592 2373 —.-—---—---

412 2376 592 2384 ------

103 2447 124 2482 A
132 2447 148 2481 lt
157 2447 181 2482 G.
196 2447 244 2494 cap.
256 2451 274 2482 1.
284 2449 303 2481 2.
311 2445 434 2482 Artaxerxis
449 2451 548 2494 postrema
562 2446 603 2482 tata
627 2450 646 2484 3,
662 2447 740 2486 Ochus.
757 2449 913 2498 codomnnnm,

372 2513 440 2544 contra
450 2520 508 2557 quem
517 2509 640 2547 Alexander.

87 2603 90 2608 ·
158 2580 233 2640 Car.
255 2588 275 2639 1.
297 2587 449 2650 Artaxerxi,
469 2589 525 2660 regi
543 2592 690 2658 Persarum,
713 2611 746 2647 ex
765 2593 913 2664 pellicibus
982 2567 983 2656 l

102 2666 208 2710 centum
225 2667 250 2711 et
268 2660 420 2729 quindecim
442 2662 489 2715 lilii
505 2662 583 2729 lucre,
600 2666 646 2718 sed
661 2674 712 2720 tres
723 2675 825 2722 tantum
836 2669 915 2725 iusto
