1998 3006
278 165 284 174 ’
323 161 395 206 nra.
415 161 495 207 xxu
526 161 605 208 car.
625 162 652 208 1.
841 159 889 214 tot

7 319 8 322 Ἰ
84 257 233 330 exploratis,
250 259 278 313 in
291 260 396 316 ubertis
411 260 506 334 ligneis
517 278 599 316 vacua
614 261 728 334 desuper
740 279 797 317 cera
809 261 889 322 indue

7 339 8 346 ³
83 341 123 388 eta
132 333 238 387 civibus
248 335 306 388 suis
315 337 404 389 omnia
415 337 600 406 perscribebat.
629 335 889 410 SedCarthaginien·

82 425 124 462 ses
133 415 312 480 postmortem
322 411 392 482 regis
400 428 535 469 reuersum
546 411 573 466 in
579 412 784 484 patriam‚quasi
795 412 888 467 urbem

82 485 138 556 regi
151 483 317 549 venditasset,
331 501 384 538 non
394 485 497 558 ingrato
509 493 622 552 tantum,
634 504 729 543 verum
740 487 817 542 etiam
827 503 889 542 cru·

82 557 410 638 delianimonecaueruut.

278 754 279 757 ,
361 745 366 772 ι
382 727 584 754 w

162 970 165 980 Δ
295 905 494 962 LIBER
540 903 669 960 xxrr.

387 1029 586 1052 m

7 1061 10 1156 d
79 1111 126 1149 AR
134 1111 159 1148 G.
172 1113 222 1160 Cap.
232 1115 294 1152 143.
303 1111 423 1160 Agathoclis
431 1111 453 1149 in
462 1107 532 1150 Sicilia
541 1123 572 1149 res
582 1119 654 1160 gestas.
668 1113 732 1150 4-6.
740 1111 791 1149 Eius
799 1110 820 1149 iu
829 1111 876 1150 Afri
885 1135 889 1144 ·

128 1175 278 1212 unanimitas
289 1175 342 1212 etde
353 1173 554 1223 Gcrthaginiansibus
562 1175 656 1214 victoria.
678 1179 697 1214 7.
713 1175 889 1224 canhngiuienm

129 1238 223 1278 siciliam
235 1238 362 1288 utinquam.
382 1238 483 1287 Apostles
491 1245 512 1276 et
523 1239 632 1278 Bomilcar.
653 1243 672 1277 8·
686 1239 809 1288 Agathocles
822 1238 845 1276 iu
856 1237 889 1276 si·

129 1301 199 1344 uilium
209 1301 326 1340 revertitur.
341 1301 393 1338 Eius
403 1301 442 1339 filii
450 1301 474 1341 in
480 1301 552 1358 Africa
562 1303 629 1340 relicti
639 1303 712 1341 clades.

134 1375 215 1440 Car.
226 1386 249 1438 1.
269 1383 434 1456 Agathocles,
451 1383 556 1439 Siciliae
569 1393 708 1459 tyrannus,
724 1383 772 1456 qui
785 1382 891 1456 magni-

76 1457 170 1516 tudini
190 1459 286 1530 pricris
304 1459 424 1533 Dionysii
438 1459 571 1524 successit,
589 1459 622 1514 ad
639 1459 714 1532 regni
729 1458 890 1514 maiestatem

76 1533 225 1591 exhumiii
235 1543 261 1588 et
272 1533 378 1588 sordido
387 1551 482 1606 genere
492 1535 619 1605 pervenit.
650 1533 755 1602 Quippe
765 1531 891 1588 inSiciiia

77 1618 157 1682 petre
174 1608 258 1681 figulo
274 1616 360 1672 natus,
378 1626 431 1663 non
447 1608 622 1662 honestiorem
636 1607 786 1679 pueritiam,
808 1623 891 1676 quam

76 1684 215 1758 principia
230 1684 350 1758 originis,
368 1683 474 1738 habuit:
496 1682 630 1754 siquidem
644 1681 727 1736 forma
739 1689 765 1734 et
773 1681 891 1751 corporis

76 1757 284 1832 pulchritudine
298 1759 419 1830 egregius
430 1759 476 1812 diu
488 1759 570 1812 uitam
585 1756 670 1828 stupri
680 1755 802 1828 patientia
810 1755 891 1810 exhi-

75 1835 150 1890 buit.
181 1832 273 1887 Annos
290 1833 385 1887 deinde
402 1833 548 1904 pubertatis
568 1850 698 1906 egressus,
718 1830 857 1886 Jibidinem
876 1849 891 1886 a

76 1909 150 1966 viris
165 1908 199 1962 ad
213 1905 325 1962 feminas
339 1908 481 1962 transtuiit.
514 1909 575 1962 Post
588 1909 652 1962 haec
665 1907 736 1978 apud
746 1915 891 1978 utrumque

77 1999 181 2038 sexum
196 1981 328 2048 famosus,
349 1984 430 2036 vitam
446 1982 725 2039 latrocini-ismutauit.
755 1983 893 2037 interiecto

77 2069 210 2128 tempore,
226 2075 311 2130 quum
328 2057 472 2135 Syracusas
485 2058 662 2122 concessisset,
680 2056 849 2127 adscitusque
862 2055 890 2109 in

77 2133 217 2188 civitatem
228 2133 295 2186 inter
306 2133 489 2198 incolasesset,
501 2133 548 2188 diu
559 2131 679 2187 cinerate
688 2131 746 2195 init,
764 2129 890 2201 quoniam

78 2208 171 2264 necin
187 2206 300 2262 fortunis
310 2208 382 2278 quod
397 2208 534 2272 amitteret,
548 2225 598 2262 neo
607 2207 636 2261 in
647 2205 806 2260 verecundia
819 2204 892 2276 quod

77 2283 246 2355 inquinaret,
257 2282 354 2338 habere
364 2282 516 2338 videbatur:
529 2282 558 2336 in
568 2299 674 2336 summa
682 2280 830 2354 gregariam
841 2280 893 2334 mi·
990 2293 991 2296 ’

79 2358 170 2414 littam
191 2357 308 2421 sortitus,
330 2375 382 2412 non
402 2358 493 2412 minus
507 2366 571 2412 tune
584 2356 707 2412 seditiosa
721 2375 803 2429 quam
817 2365 893 2410 antea

77 2431 157 2504 turpi
172 2432 268 2489 vitain
283 2447 361 2486 omne
375 2432 477 2487 facinus
490 2432 687 2504 promtissimus
695 2440 760 2486 erat.
790 2432 857 2484 Nam
868 2437 894 2485 et

77 2523 168 2562 manu
183 2514 309 2562 strenuus
324 2507 390 2561 etin
405 2508 576 2562 concionibus
589 2505 766 2579 perfacundus
779 2503 894 2558 hebeba-

77 2588 134 2637 ων,
151 2582 231 2638 Brevi
242 2581 332 2653 itaque
341 2599 386 2636 ceu
391 2583 459 2636 turio
469 2599 499 2637 ae
508 2581 632 2651 deinceps
643 2579 766 2634 tribunus
777 2575 893 2629 militum

72 2655 229 2714 iectusest.
255 2656 345 2711 Primo
354 2655 424 2712 bello
434 2657 562 2712 adversus
572 2656 699 2710 Aetnaeos
709 2666 806 2721 magna
816 2661 895 2714 expe-
