2044 3028
261 178 265 182 ’
287 181 358 229 LIB.
379 182 495 228 XXVIII.
527 183 605 240 (ΞΑΡ,
617 185 653 228 ’1.
822 180 871 232 495

69 281 197 354 Bithynus
217 281 364 348 Eumenes,
385 282 447 336 inde
466 281 549 346 Galli,
574 281 749 340 humiliorum
768 301 871 356 semper

70 355 227 410 mercenaria
243 373 347 421 manus,
364 357 459 412 Asiam·
469 356 709 428 depopulabantur:
730 375 816 430 quum
829 361 872 414 in-

71 438 133 486 terea
143 446 223 484 nemo
232 429 433 486 defensorrlsiae
443 431 509 486 inter
520 439 555 486 tot
564 432 708 502 praedones
718 432 871 489 invenieba-

72 514 118 558 tur.
146 504 221 559 Victo
236 504 372 569 Antiocho,
385 523 471 576 quum
485 507 617 560 Eumenes
633 506 759 563 maiorem
769 515 870 578 partem

69 579 143 634 AsIae
157 587 318 650 occupasset,
336 597 370 636 ne
383 589 446 636 tunc
454 580 563 652 quidem
572 579 673 646 fratres,
684 581 786 652 perdito
795 599 870 652 prae-

70 654 130 718 mio,
146 653 338 725 propterquod
352 654 453 708 bellum
465 655 598 728 gerebant,
614 655 769 710 concordare
778 665 870 726 potue-

69 735 142 784 runt:
163 729 211 784 sed
229 729 329 784 omisso
347 737 453 784 externo
470 729 551 793 hoste,
568 730 596 784 iu
618 739 743 784 mutuum
758 731 869 784 exitIum

67 801 167 858 bellurn
178 811 306 874 reparant.
332 805 363 858 In
374 821 405 858 eo
413 805 558 860 Antiochus
568 803 658 858 denuo.
665 803 760 869 victus,
772 803 871 860 multo-

68 895 128 932 rum
142 877 322 951 dierumluga
341 877 473 952 fatigatus,
490 878 595 934 tandem
610 878 643 933 ad
657 895 776 936 seuerum
787 896 870 934 suum

67 951 244 1017 Ariamenen
266 969 354 1025 regem
376 953 560 1025 Cappadociae,
581 953 741 1024 pervehitur.
771 953 870 1024 Aque
930 985 932 988 ·
998 951 999 954 ’

67 1044 152 1098 quum
168 1027 287 1098 primum
302 1027 417 1100 benigne
429 1036 553 1099 exceptus
567 1036 643 1093 esset,
659 1027 799 1084 interiectis
813 1029 870 1083 die·

22 1097 23 1166 }
67 1101 128 1168 bus,
139 1102 243 1174 cognite
252 1102 325 1174 quod
337 1102 448 1158 insidiae
462 1103 513 1158 sibi
523 1109 687 1174 pararentur,
705 1102 839 1160 salutemf
856 1133 870 1145 ·

66 1194 100 1250 ga
109 1177 249 1248 quaesivit.
279 1176 363 1250 Igitur
377 1180 462 1248 quum
475 1177 587 1252 profugo
601 1195 735 1249 nusquam
748 1185 820 1234 tutus
831 1177 869 1232 lo-

67 1269 115 1306 cus
125 1251 246 1317 essetrad
256 1251 432 1306 Ptolemaeum
443 1253 553 1316 hostem,
569 1252 646 1307 cuius
656 1252 736 1307 fidem
746 1255 869 1308 tutiorem

66 1343 148 1398 quam
162 1325 250 1382 fratris
259 1327 435 1392 existimabat,
451 1327 573 1391 decurrit,
585 1343 686 1382 memor
699 1328 741 1383 vel
752 1327 843 1399 quaes
855 1359 870 1370 -

67 1410 158 1464 cturus
167 1399 327 1466 fratriesset,
341 1401 380 1456 vel
391 1419 459 1472 quae
468 1402 607 1459 meruisset
616 1419 631 1455 a
640 1400 728 1456 fratre.
749 1401 800 1456 Sed
810 1404 870 1456 Pto-

66 1476 182 1540 lemaeus
193 1493 246 1532 non
256 1476 334 1532 amici
344 1475 440 1541 debito,
447 1493 528 1548 quam
538 1475 629 1539 bostis,
641 1474 757 1538 iunctus,
768 1476 869 1530 servari

65 1551 484 1608 cumartissimacustcdiaiubet.
525 1549 709 1621 Iliaequoque
722 1549 869 1604 Antiochus

65 1643 142 1698 opera
157 1624 298 1680 cuiusdam
312 1626 454 1680 meretricis
471 1624 587 1688 adiutus,
611 1641 693 1695 quam
712 1622 869 1678 familiarius

65 1707 182 1765 noverat,
194 1700 308 1772 deceptis
322 1701 477 1756 custodibus
491 1699 618 1765 elabitur;
639 1697 821 1772 fugiensquea
831 1696 870 1753 la-

65 1775 187 1830 tronibus
211 1775 375 1830 interficitur.
406 1775 530 1830 Seleucus
549 1790 656 1846 quoque
675 1772 767 1828 iisdem
787 1771 869 1828 ferme

64 1849 169 1915 diebus,
183 1849 281 1904 amisse
295 1867 389 1924 regno,
406 1867 475 1922 equo
488 1848 672 1922 praepritatus
692 1848 792 1902 liniarr.
825 1847 869 1902 Sic

63 1922 166 1989 iratres,
184 1923 263 1996 quasi
277 1932 303 1978 et
315 1925 448 1998 germanis
463 1925 577 1987 casibus,
592 1921 697 1978 exsules
711 1923 799 1989 ambo,
810 1930 870 1995 post

63 2017 145 2074 regne
156 1999 285 2054 scelerum
298 2017 409 2054 sucrum
420 2017 516 2071 poenas
529 1999 643 2055 luerunt.

344 2117 573 2164 p—-m-m

251 2265 447 2322 LIBER
499 2263 692 2322 XXVIII.

375 2381 558 2394 *-

60 2437 107 2474 An
115 2436 140 2475 G.
152 2437 202 2484 Cep.
213 2437 275 2474 1-3.
289 2434 369 2472 'I'urbae
380 2434 401 2472 in
409 2435 614 2531 Ellilfrsplfsm'm
624 2434 759 2472 Romanorum
770 2431 869 2472 uexillum

110 2482 226 2532 implerent
237 2488 305 2520 contr·
314 2481 398 2519 Aetolos
565 2479 682 2518 Demetrius
689 2481 780 2518 Macedo.
795 2482 816 2517 4·
824 2480 868 2516 An-

107 2529 412 2669 ²llll.“llmOlllllalliods‚
424 2528 548 2666 cpppppi:
560 2591 682 2664 Epirotae
700 2611 713 2647 r
750 2593 778 2656 ¹,
804 2586 867 2649 filie,

57 2669 166 2729 amisso
184 2668 279 2726 manto
298 2667 443 2742 eodemque
460 2683 586 2742 germano
608 2665 686 2721 tratre
707 2660 866 2724 Aexandro

651 2758 702 2812 NI
