1998 3006
88 157 121 208 88
323 160 475 206 IUSTINI
492 160 649 205 HISTOR.

142 261 211 316 Car.
226 261 256 316 V.
286 259 454 315 Proficiscens
475 259 508 314 ad
526 260 661 313 Persicum
680 257 781 312 bellum
799 275 898 314 omnes

87 352 213 393 novercae
228 352 291 391 suae
305 342 437 408 cognatos,
455 352 522 406 quos
532 333 672 404 Philippus
683 334 711 387 in
721 332 894 389 excelsiorem

86 404 222 482 dignitatis
237 409 323 465 locum
338 410 486 480 provehens
501 409 619 480 imperiis
635 406 799 480 praefecerat,
811 407 898 463 inter-

86 484 153 538 fecit.
178 483 229 538 Sed
240 503 288 538 nec
298 485 363 549 suis,
373 485 421 556 qui
431 485 484 556 apti
494 501 576 556 regno
585 483 752 547 videbantur,
765 485 893 553 pepercit,

86 576 119 614 ne
129 576 183 630 qua
192 559 301 614 materia
310 558 551 630 seditionis‚procul
561 576 589 612 se
598 566 699 631 agente,
707 557 896 612 inlllacedonia

86 641 244 701 remaneret;
265 642 290 688 et
305 653 378 708 reges
393 633 575 705 stipendiarios
593 632 777 704 conspectioris
789 632 896 705 ingenii

86 707 120 762 ad
144 708 330 771 commilitium
354 727 443 763 secum
464 708 555 772 trahit,
576 709 710 781 segniores
730 706 764 761 ad
782 707 895 763 tutelam

86 784 162 856 regni
173 783 309 856 relinquit.
335 784 456 840 dducam
465 782 559 837 deinde
572 783 688 838 exercitu
695 799 775 837 naves
785 793 891 852 onerat,

86 858 159 913 unde
172 867 309 930 conspecta
324 859 385 912 dsia
400 857 546 912 incredibili
558 857 649 912 ardore
659 857 755 912 mentis
765 874 899 913 accensus

86 933 225 998 duodecim
235 951 293 986 aras
303 933 412 987 deorum
423 933 451 988 in
462 932 524 987 belli
535 942 594 988 vota
604 933 704 987 statuit.
734 932 896 987 Patrimoni-

86 1025 134 1061 um
148 1025 226 1061 omne
240 1025 328 1070 suum,
346 1008 419 1078 quod
433 1007 460 1061 in
475 1007 626 1062 Macedonia
639 1007 797 1078 Europaque
809 1007 897 1062 habe-

85 1083 144 1146 bat,
170 1081 262 1136 amieis
287 1082 395 1147 dividit,
420 1087 472 1138 sibi
489 1083 580 1137 Asiam
597 1087 723 1152 sufficere,
746 1081 895 1153 praelatus,

85 1143 245 1228 Priusquam
265 1157 320 1212 ulla
340 1158 416 1212 navis
438 1157 512 1211 litore
525 1156 667 1222 excederet,
682 1157 781 1212 hostias
795 1157 897 1224 cedit.

84 1238 175 1302 petens
188 1235 327 1287 victoriam
341 1237 413 1297 bello,
428 1250 478 1302 quo
493 1238 566 1286 toties
575 1251 593 1286 o
603 1234 689 1288 Persis
694 1238 791 1300 petitae
806 1233 897 1287 Grae-

86 1310 142 1360 ciae
155 1309 227 1361 ultor
240 1311 334 1362 electus
347 1313 397 1362 sit:
417 1311 510 1376 quibus
525 1310 603 1376 touqa
613 1313 666 1361 tom
675 1312 741 1362 sctis
751 1317 775 1361 et
784 1317 897 1363 maturo

84 1385 196 1448 imperio
207 1387 351 1452 commisse,
363 1399 522 1452 quorumque
533 1390 631 1451 tempus
644 1399 697 1437 esse
706 1387 774 1436 vices
784 1388 897 1450 occipe-

84 1473 114 1509 re
133 1459 225 1511 melios
247 1467 361 1512 acturos.
390 1455 441 1511 Sed
460 1473 507 1510 neo
521 1456 651 1511 exercitus
669 1455 726 1510 eius
741 1455 792 1510 alia
806 1474 895 1528 quam

85 1531 155 1605 regis
170 1535 320 1588 animorum
339 1531 500 1602 praesumtio
518 1531 582 1586 luit:
604 1531 704 1603 quippe
713 1530 787 1585 obliti
797 1548 897 1587 omnes

85 1607 230 1679 coniugum
251 1607 448 1679 liberorumque
462 1615 487 1661 et
503 1606 664 1680 longinquae
674 1606 752 1661 domo
767 1605 892 1674 militiae,

85 1682 219 1735 Persicum
228 1699 323 1736 aurum
336 1688 360 1735 et
372 1683 451 1736 totius
462 1681 576 1739 Orientis
586 1699 648 1752 opes
658 1681 711 1735 iam
721 1681 799 1752 quasi
809 1699 891 1736 suam

84 1756 209 1826 praedam
219 1755 362 1821 ducebant3
385 1773 432 1810 neo
441 1755 503 1810 belli
513 1756 753 1828 periculorumque,
762 1755 809 1810 sed
819 1756 894 1812 divi-

84 1831 182 1884 tiarum
196 1831 379 1884 meminerant.
411 1831 501 1897 Quum
517 1831 595 1886 delati
610 1832 636 1885 in
653 1831 829 1886 continentem
848 1849 895 1886 es-

84 1913 150 1968 sent,
165 1904 269 1975 primus
284 1903 432 1960 Alexander
446 1905 564 1960 iaculum
579 1905 651 1961 velut
663 1906 691 1960 in
704 1905 828 1960 hostilem
837 1913 893 1962 ter-

85 1999 141 2034 ram
152 1979 219 2044 iecit,
235 1988 406 2052 armatusque
415 1981 448 2035 dc
461 1981 523 2036 navi
535 1980 688 2052 tripudianti
698 1980 795 2034 similis
805 1981 894 2052 prosi-

85 2054 149 2124 luit;
171 2062 250 2127 atque
260 2056 295 2110 ita
305 2055 402 2110 hostias
413 2056 505 2120 caedit,
514 2064 643 2127 precatus,
655 2073 688 2110 oe
696 2074 724 2110 se
732 2059 895 2126 repemtllcw

86 2141 172 2186 terrae
191 2136 287 2186 invitae
306 2136 446 2199 accipiant.
476 2133 506 2185 ln
527 2129 575 2184 llio
593 2147 700 2202 quoque
719 2130 753 2184 ad
771 2130 895 2186 tumulos

84 2223 186 2270 eorum,
199 2206 247 2277 qui
258 2206 369 2260 Troiano
379 2205 447 2260 bello
456 2205 611 2271 ceciderant,
623 2204 779 2276 parentardt.

140 2280 209 2333 Cir.
224 2281 268 2335 Vl.
290 2280 353 2336 lude
367 2281 467 2336 hostem
482 2288 573 2351 petens
586 2279 683 2334 milites
696 2278 896 2351 apopulatione

84 2351 162 2406 Asiae
181 2354 325 2423 prohibuit,
344 2360 506 2422 parcendum
519 2359 667 2420 sotsrelms,
683 2354 825 2426 praelatus,
841 2373 895 2411 nec

81 2431 215 2489 perdenda
225 2446 264 2490 ea,
279 2447 345 2496 quae
353 2435 499 2496 possessori
507 2435 631 2484 venerint.
662 2431 691 2483 ln
704 2429 821 2484 exercitu
830 2429 894 2485 eius

84 2495 156 2577 luere
165 2498 283 2566 peditum
292 2502 399 2572 triginta
411 2504 464 2557 duo
474 2503 693 2575 millia,equitum
703 2513 817 2575 quatuor
827 2505 895 2560 mil-

85 2567 119 2618 lia
134 2570 283 2640 quingenti,
300 2592 380 2657 paves
395 2585 500 2630 centum
515 2579 644 2650 octoginta
659 2578 735 2632 duae.
766 2579 821 2634 Hac
835 2585 893 2635 tam

80 2653 164 2702 parva
175 2659 256 2696 manu
266 2661 423 2702 uuiversum
435 2657 562 2706 terrarum
573 2654 663 2708 orbem
673 2662 764 2710 utrum
773 2653 895 2710 admira-
