1998 3006
78 145 123 196 l3l
305 139 456 192 IUSTINI
478 147 635 191 HISTOR.

74 250 154 313 ditur,
173 247 319 302 Demetrius
335 247 473 301 filiuseius
484 247 511 299 in
522 245 612 319 lugam
623 246 738 300 vertitur.
772 246 824 300 Sed
834 267 878 303 so-

74 325 106 376 cii
126 322 261 394 profligato
280 321 367 374 hostili
387 321 455 375 bello
474 321 560 374 denuo
581 322 608 375 in
622 329 703 374 semet
717 321 788 391 ipsos
802 340 875 378 arma

73 405 220 462 verterunt3
233 406 265 459 et,
278 413 363 466 quum
375 396 407 449 de
420 396 513 466 praeda
526 413 577 449 non
591 395 767 459 convenirent,
780 395 876 452 iterum

74 473 100 525 iu
116 471 182 524 duas
197 470 319 524 factiones
329 471 500 524 diducuntur.
535 470 658 524 Seleucus
667 470 804 534 Demetrio,
818 472 878 526 Pto-

74 545 353 619 lemaeusLysimaoho
364 547 518 618 iunguntur.
532 543 805 599 Cassaudrodeluucto
812 545 878 599 Phi-

74 620 162 691 lippus
178 621 249 674 lilius
259 621 381 675 succedit.
414 621 456 675 Sio
466 619 543 692 quasi
554 637 587 674 ex
600 621 700 692 integro
710 637 779 674 nova
791 621 878 675 Mace-

72 695 166 750 doniae
175 696 243 752 bella
253 704 406 750 nascuntur.

363 859 584 886 -φοῃμ-

297 1050 492 1106 LIBER
538 1051 645 1107 XVI·

71 1259 113 1296 AR
122 1259 146 1294 G.
160 1260 208 1306 Cap.
219 1263 237 1294 1.
248 1263 267 1294 2.
280 1260 397 1308 Antipater.
407 1260 530 1296 Demetrius.
544 1259 676 1295 Ptolemaeus.
693 1262 712 1296 3·
722 1260 742 1295 4.
752 1259 844 1309 Pyrrhus
855 1265 876 1298 et

120 1320 257 1372 Lysimachus.
279 1325 377 1360 Heraclea
386 1323 408 1360 in
419 1324 497 1369 Pento;
510 1324 528 1358 ⁵.
541 1321 577 1358 uhi
593 1321 701 1359 Clearchus
712 1327 819 1370 tyrannus.

127 1430 203 1493 Cae.
224 1441 245 1494 l.
266 1441 326 1495 Post
343 1438 483 1494 Cassandri
498 1438 567 1510 regis
579 1438 679 1510 filiique
689 1439 746 1492 eius
757 1439 877 1510 Philippi

71 1515 208 1568 continuas
223 1523 318 1570 mortes
333 1513 514 1569 Thessalonice
529 1514 627 1586 regine,
644 1531 711 1567 uxor
721 1513 875 1580 Cassandri,

72 1606 125 1642 non
137 1607 233 1662 magne
242 1599 300 1661 post
309 1598 423 1660 tempore
432 1590 466 1643 ab
476 1587 610 1659 Antipatro
620 1587 682 1651 tilio,
694 1606 780 1659 quum
791 1589 877 1644 vitam

72 1664 150 1718 etiarn
165 1682 211 1734 per
220 1667 299 1718 ubera
310 1673 425 1718 materna
435 1664 623 1734 deprecaretur,
635 1663 771 1718 occiditur.
804 1663 879 1718 Cau-

72 1756 100 1791 sa
116 1739 247 1809 parricidii
263 1737 320 1803 luit,
332 1739 404 1810 quod
418 1746 594 1809 postmortem
607 1738 692 1791 mariti
707 1737 879 1793 indivisione

73 1812 139 1866 inter
156 1812 246 1866 iratres
262 1813 336 1885 regni
350 1813 502 1883 propensior
511 1812 594 1866 fuisse
606 1812 755 1867 Alexandro
765 1812 880 1867 videba-

72 1895 124 1940 tur.
150 1886 227 1952 Quod
236 1885 337 1941 lacinus
347 1905 377 1940 eo
389 1889 496 1960 gravius
507 1888 632 1942 omnibus
642 1887 731 1941 visum
741 1895 787 1951 est,
801 1888 879 1958 quod

72 1961 176 2015 nullum
195 1968 326 2015 maternae
342 1961 442 2016 fraudis
457 1962 598 2034 vestigium
620 1961 682 2015 tuit:
708 1979 879 2032 quamquam

72 2037 98 2090 in
110 2035 249 2106 parricidio
260 2035 332 2090 nulla
343 2037 404 2090 satis
415 2037 481 2090 iusta
492 2053 569 2108 caiisa
580 2036 612 2090 ad
621 2035 725 2089 sceleris
730 2037 879 2107 patrocinia

72 2111 187 2181 praetexi
197 2118 286 2182 potest.
312 2113 372 2165 Post
382 2112 445 2164 haec
455 2110 535 2182 igitur
546 2110 693 2164 Alexander
706 2111 734 2164 in
745 2109 880 2165 ultionem

72 2195 203 2240 maternae
219 2186 289 2240 necis
303 2195 426 2258 gesturus
436 2202 497 2238 eum
509 2184 585 2238 fratre
595 2183 703 2249 bellum,
716 2184 850 2240 auxilium
862 2205 881 2240 a

73 2261 200 2314 Demetrio
210 2260 285 2330 petit:
303 2278 350 2314 nee
360 2260 504 2314 Demetrius
517 2277 563 2330 spe
573 2259 715 2312 invadendi
726 2259 883 2314 Macedoni-

69 2333 94 2382 ci
116 2335 189 2404 regni
213 2352 312 2387 moram
333 2334 398 2388 lecit.
430 2334 513 2388 Citius
528 2333 670 2388 adveutum
686 2351 778 2388 verens
796 2335 883 2408 Lysi-

72 2406 182 2458 machus
196 2406 335 2474 persuadet
355 2425 450 2480 genero
465 2427 513 2462 suo
527 2408 672 2478 Antipatro,
685 2416 714 2461 ut
725 2407 799 2462 malit
811 2425 883 2464 cum

73 2474 149 2528 tratre
159 2480 186 2530 in
197 2479 308 2549 gratiam
320 2482 412 2534 reverti
422 2500 503 2552 quam
515 2489 652 2551 paternum
664 2483 765 2536 hostem
778 2483 804 2536 in
819 2483 885 2538 Ma—

69 2547 207 2628 cedoniam
218 2551 329 2605 admitti.
351 2555 501 2608 inchoatam
511 2556 593 2626 igitur
601 2556 672 2610 inter
682 2557 773 2610 fratres
783 2574 886 2612 recon-

70 2615 226 2674 erhationem
241 2641 326 2692 quum
341 2630 527 2696 praesensisset
540 2630 696 2696 Demetrius,
707 2648 753 2702 per
763 2631 887 2690 insidias
