2022 3010
334 155 405 200 ΜΒ.
424 156 469 201 nr.
499 157 578 222 car.
599 159 622 204 1.
850 152 883 204 75

75 264 157 329 atque
165 254 356 320 Alexandrum,
368 256 524 330 privignum
535 257 601 322 eius,
612 257 704 312 uxoris
715 255 882 330 Olympiadis

76 332 192 396 fratrem,
207 348 321 402 puerum
332 331 454 385 honestae
463 333 679 403 pulchritudinis,
695 333 723 386 in
734 333 882 386 Macedoni-

75 425 119 460 am
130 407 239 461 nomine
248 405 344 460 sororis
353 407 468 472 arcessit,
480 408 606 479 omnique
616 408 706 463 studio
712 407 879 462 sollicitatum

75 499 122 553 spe
132 481 217 554 regni,
229 480 354 535 simulato
362 499 450 536 amore
460 482 494 536 ad
502 483 587 553 stupri
596 483 812 538 consuetudinem
822 501 882 554 per-

75 556 153 628 pulit,
167 556 266 609 maiora
278 555 305 609 in
315 571 345 609 eo
355 557 482 628 obsequia
492 557 632 611 habiturus
641 558 698 612 aive
708 559 881 613 conscientiae

73 631 177 702 pudore
194 631 253 684 sive
272 631 345 703 regni
364 631 499 686 beneficio.
531 630 620 697 Quum
641 632 770 704 igitur'ad
787 633 881 706 viginti

73 723 159 760 annos
168 705 340 777 pervenisset,
356 715 477 776 ereptum
486 705 606 760 Arrubae
620 723 732 778 regnum
742 724 824 777 puero
834 709 882 762 ad-

74 781 186 836 modum
197 779 413 844 tradit,scelestus
423 781 451 834 in
461 787 616 852 utrumque.
628 781 696 834 Nam
707 797 755 835 nec
764 781 828 835 ineo
838 783 880 836 ius

72 856 240 928 cogitationis
258 855 382 919 servavit,
404 856 449 909 cui
464 855 563 910 ademit
576 871 699 929 regnum,
715 864 740 911 et
753 873 824 921 eum,
837 859 881 911 cui

71 931 154 996 dedit,
166 928 335 1002 impudicum
346 928 405 984 lecit
413 937 473 984 ante
483 949 564 1002 quam
575 947 675 1005 regem.

374 1138 575 1166 ψ

249 1421 447 1478 LIBER
492 1422 703 1480 NONUS.

67 1672 90 1708 A
97 1671 116 1706 R
123 1670 147 1707 G.
163 1669 213 1717 csp.
222 1673 242 1704 1.
252 1665 361 1714 Philippu·
369 1663 490 1714 Byzantium
500 1661 584 1699 obsidet.
597 1665 616 1698 2.
623 1659 707 1712 Scythas
717 1662 788 1704 vincit,
801 1667 819 1701 8.
827 1667 847 1700 4.
858 1672 879 1702 et

118 1732 235 1773 Triballost
261 1730 309 1767 item
323 1726 460 1766 Athenienses
483 1733 503 1764 et
522 1725 636 1762 Thebanos.
663 1727 682 1763 ⁵.
696 1725 780 1764 Graecia
799 1735 877 1776 pacata.

116 1797 190 1833 Perses
199 1805 335 1842 aggressurus,
345 1794 363 1828 6.
373 1796 391 1830 7.
399 1789 530 1828 interficitur.
545 1793 564 1827 8-
574 1789 625 1826 Eius
634 1788 726 1838 elogium.

128 1891 203 1955 Car.
217 1901 238 1953 l.
255 1899 285 1952 ln
296 1898 432 1953 Graeciam
442 1895 582 1966 Philippus
592 1912 677 1966 quum
690 1896 811 1963 venisset,
825 1899 879 1954 sol-

67 1975 188 2030 licitatus
207 1991 352 2044 paucarum
366 1972 502 2026 civitatum
522 1970 674 2041 direptione,
690 1978 714 2024 et
732 1989 766 2025 ex
781 1975 877 2043 praeda

68 2050 238 2104 modicarum
252 2048 370 2111 urbium,
387 2053 501 2117 quantae
509 2063 571 2116 opes
585 2045 768 2100 universarum
779 2058 874 2113 essent,

68 2125 163 2180 animo
177 2123 348 2195 prospiciens,
365 2121 465 2175 bollum
479 2120 525 2174 toti
536 2119 659 2174 Graeciae
671 2118 766 2173 inferre
776 2123 875 2176 statuit.

68 2199 114 2254 Ad
123 2199 202 2254 cuius
217 2197 425 2254 emolumentum
440 2194 544 2269 egregie
556 2195 685 2266 pertinere
698 2201 779 2259 ratus,
792 2196 814 2249 si
825 2198 878 2271 By-

68 2275 201 2338 zantium,
219 2272 335 2327 nobilem
350 2279 376 2326 et
388 2271 548 2326 maritimam
563 2269 666 2332 urbem,
684 2271 876 2340 receptaculum

67 2358 139 2404 terra
155 2348 276 2420 marique
289 2347 372 2418 copiis
387 2347 444 2400 suis
458 2344 588 2408 futuram,
601 2344 629 2398 in
641 2351 791 2414 potestatem
803 2349 877 2403 rede-

15 2487 16 2490 ,
65 2424 167 2496 gisset3
188 2423 299 2478 candem
307 2421 472 2476 claudentem
482 2419 534 2474 sibi
545 2426 631 2492 portas
640 2418 776 2474 obsidione
784 2423 874 2476 cinxit.

67 2501 141 2552 llaec
163 2514 280 2570 namque
299 2497 364 2551 urba
384 2495 487 2551 condita
506 2493 593 2565 primo
612 2511 627 2546 a
647 2493 791 2559 Pausania,
816 2512 878 2563 rege

64 2573 271 2644 Spartanorum,
283 2579 309 2626 et
318 2589 364 2644 per
373 2578 471 2643 septem
482 2584 566 2623 annos
576 2583 695 2637 possessa
705 2567 767 2633 luit;
782 2565 877 2644 deinde

64 2647 190 2703 variante
198 2647 306 2705 victoria
317 2664 389 2703 nunc
398 2641 674 2702 Lacedaemoniorum,
687 2656 759 2692 nunc
767 2637 879 2691 Atheni-
