2044 3028
123 211 173 266 234
360 217 510 262 ruerint
527 215 683 262 moron.
712 264 715 277 s

121 327 191 372 tione
201 316 325 372 durabat:
347 291 426 388 atinus
440 317 475 372 ita
488 316 603 370 invictus
618 316 676 386 ipse
689 316 922 388 inexpugnabilem

121 391 266 448 exercitum
276 389 378 445 lecerat.
392 391 458 446 lnita
468 390 633 446 deindeonm
643 390 784 446 Nicomede
793 392 920 458 societme
1001 397 1002 466 ᾗ

122 465 328 538 Paphlagoniam
349 465 452 520 invadit
470 466 620 537 victamque
642 481 704 520 caim
725 465 799 520 socio
816 465 920 522 dividit.

120 539 206 606 Quam
217 557 303 611 quum
317 540 399 594 teneri
413 558 428 596 a
441 541 549 614 regibus
561 539 663 596 senatui
681 539 832 604 nuntiatum
845 551 920 606 esset,

121 613 218 687 legatos
228 614 262 669 ad
271 623 416 686 utrumqne
426 615 507 679 misit,
519 615 567 686 qui
575 623 674 684 pentem
682 619 785 670 restitui
795 619 923 684 inpracti-

121 707 183 744 num
195 698 293 744 statum
302 689 430 746 iuberent.
450 688 622 753 Mithridates,
634 705 719 760 quum
730 705 758 742 se
767 689 819 742 iam
831 707 922 760 parem

121 764 300 837 magnitudini
320 765 497 819 Romanorum
515 763 637 826 crederet,
657 763 771 834 superbo
783 781 922 835 responso:

121 842 307 894 hereditarium
322 843 399 907 patri
419 857 465 893 eno
484 855 591 908 raptum
612 841 749 902 obveniant,
773 839 922 910 respoudit3

120 918 265 984 mirarique
283 931 318 978 aa,
339 918 407 984 quod
430 918 454 968 at
469 916 555 968 relata
570 917 747 968 controuersia
762 929 817 968 non
834 919 921 983 sumt,

120 992 321 1059 sitireserotnr.
352 989 406 1043 Nec
415 987 520 1042 territus
532 986 613 1042 minis
622 985 751 1042 Galatiam
760 1004 924 1060 quoquene-

121 1071 209 1134 cupat.
240 1063 403 1128 Nicomedes,
416 1061 541 1134 qnoniam
551 1078 579 1115 se
588 1061 655 1116 tueri
666 1061 722 1115 iure
732 1077 784 1116 non
794 1070 922 1133 potuerat.

121 1143 190 1192 iusto
199 1142 256 1207 rapt
264 1142 435 1200 reddituram,
447 1136 589 1208 respondit.
605 1135 691 1207 Atque
701 1136 736 1190 ita
747 1135 834 1192 lilium
844 1155 926 1192 sunm

122 1220 222 1266 mutato
236 1211 343 1266 nomine
352 1210 547 1285 Pylaemencm;
563 1209 761 1284 Paphlagonum
771 1228 868 1284 regum
878 1230 928 1266 no-

122 1285 443 1357 miue‚appellat,etquasi
452 1286 528 1356 stirpi
538 1286 624 1357 regiae
632 1284 788 1340 reddidisset
797 1303 926 1360 rognum,
1001 1293 1002 1296 ’

121 1359 186 1415 laiso
206 1360 313 1416 nominc
332 1367 410 1415 tenet.
444 1361 488 1416 Sic
502 1360 617 1416 ludibrio
631 1353 713 1415 habili
725 1359 802 1433 legati
812 1361 928 1418 Romam

121 1443 298 1491 revertuntur.

420 1536 619 1562 -ψ-υ-

296 1711 400 1767 L'lB
419 1711 444 1764 E
464 1712 493 1766 n
539 1710 772 1766 xxxvlll.

425 1835 622 1858 m

122 1920 143 1957 A
150 1916 165 1953 ll
174 1919 199 1954 G.
215 1919 263 1966 cup.
279 1923 340 1956 1—7.
354 1917 482 1956 Mithridatia
496 1930 526 1954 rar
536 1925 609 1967 gestae,
620 1926 640 1956 et
649 1925 718 1956 contra
727 1919 828 1956 Romanoa
839 1931 933 1968 appen-

166 1987 200 2018 tna
212 1987 232 2017 et
245 1979 317 2018 cratin.
332 1985 352 2020 8.
365 1981 491 2018 Ptolemaeus
503 1980 604 2030 Physcon.
625 1986 644 2020 9.
659 1981 784 2020 namacius.
805 1985 836 2018 to.
848 1981 933 2020 amio-

180 2045 186 2082 l

170 2058 225 2083 0th

178 2101 204 2164 C
210 2129 252 2165 aa.
273 2111 294 2165 l.
310 2110 471 2166 Mithridates
481 2109 620 2182 parricidia
630 2125 692 2164 neon
702 2109 793 2164 uxorin
803 2109 936 2181 auspica-

122 2196 174 2252 tus,
191 2185 287 2242 sororis
301 2185 407 2242 alterius
422 2185 550 2240 Laudioes
564 2183 640 2248 lilios,
657 2183 733 2240 ouius
748 2183 837 2238 rhum
849 2185 936 2246 Aria,-

122 2257 936 2334 rethom,regemCappadociaepcrGordiuminsidiiecccide-

122 2343 170 2398 rat,
188 2336 315 2390 tollendos
330 2336 433 2391 statuit:
455 2334 523 2390 nihil
537 2341 625 2389 actum
639 2341 721 2390 morte
740 2332 823 2405 petris
832 2334 937 2389 existi-
1001 2397 1002 2400 Ἰ

122 2425 209 2471 mans,
225 2409 248 2462 si
263 2408 437 2465 adolescentes
447 2417 585 2482 paternum
600 2425 722 2481 regnum,
734 2409 811 2463 cuius
824 2406 873 2462 ille
883 2426 938 2462 cu·
1001 2433 1002 2462 i

122 2478 229 2549 piditata
239 2480 373 2553 flagrabat,
384 2492 564 2554 occupassent.
594 2483 678 2556 Igitur
687 2483 752 2538 dum
762 2483 791 2537 in
801 2482 844 2536 his
855 2485 939 2556 cogi-

122 2553 264 2608 tationibus
275 2563 402 2619 versatur,
420 2557 524 2612 interim
535 2557 698 2619 Nicomedes.
716 2575 762 2612 rex
774 2556 936 2629 Bithyniae,
1001 2607 1002 2626 ἶ

121 2640 232 2678 vacuam
244 2635 327 2680 morte
338 2630 408 2698 regis
418 2630 609 2700 Cappadociam
621 2631 730 2687 invadit.
753 2630 830 2697 Quod
838 2648 939 2703 quum
1001 2641 1002 2676 l

121 2695 273 2750 nuntiatum
287 2699 432 2756 Mithridati
442 2701 543 2769 luisset,
555 2722 603 2776 per
616 2705 812 2762 simulationem
822 2705 939 2778 pietatis
