2022 3010
37 135 40 140 ’
116 132 133 182 8
352 135 503 180 IUSTINI
520 135 676 180 HISTOR.

115 236 258 306 pressione,
280 251 348 306 quos
367 233 518 308 fugiebant,
535 225 626 306 fugere
642 231 813 303 compellunt.
838 233 870 286 ln
886 249 917 286 eo

115 309 213 380 proelio
227 309 355 382 Astyages
370 309 484 378 capitur:
510 309 553 362 oui
567 307 653 382 Cyrus
668 307 736 362 nihii·
748 306 822 360 aliud
834 325 915 378 quam

115 401 228 455 regnum
242 383 363 437 abstulit:
389 391 563 454 nepotemque
577 382 605 438 in
619 382 662 436 illo
675 382 768 454 magis
780 399 862 452 quam
875 380 917 435 vi·

24 456 26 461 '
116 467 225 522 ctorem,
261 459 327 530 egit:
352 475 467 529 eumque
490 457 621 512 maximae
642 457 714 529 genti
734 458 914 530 Hyrcanorum

116 531 274 603 praeposuit.
307 533 375 586 Nam
395 531 423 586 in
447 532 536 586 Medos
556 532 649 586 reverti
669 532 725 601 ipse
743 530 836 584 noluit.
869 530 919 584 Hic

116 603 177 660 iin'is
188 606 325 661 Medorum
335 607 438 677 imperii
448 606 507 661 fuit.
537 607 723 679 Regnaverunt
732 621 815 660 annos
826 622 896 660 ccci.

132 723 133 728 κ
171 681 240 736 Cer.
252 682 306 736 Vll.
327 681 404 736 Initio
420 682 495 754 regni
508 680 593 754 Cyrus
605 680 746 752 Sybarem,
766 687 916 750 ooeptorum

116 755 228 822 socium,
239 774 321 828 quem
331 757 405 812 iuxta
415 766 573 811 nocturnum
583 755 671 809 vitum
681 753 812 826 ergastulo
822 753 917 808 libera-

115 839 197 896 verat,
214 832 388 904 comitemque
401 831 429 884 in
446 829 571 885 omnibus
586 830 665 884 rebus
680 829 815 892 habuerat,
831 828 917 882 Persis

115 907 274 977 praeposuit,
286 922 454 976 sororemque
464 921 541 958 suam
552 903 575 958 ei
585 904 613 958 in
624 903 822 958 matrimonium
833 902 915 956 dedit.

115 980 167 1033 Sed
176 981 302 1042 civitates,
313 997 382 1051 quae
391 978 526 1032 Medorum
536 979 688 1034 tributariae
697 977 808 1041 fuerant,
816 985 919 1032 mutato

115 1054 226 1123 imperio
238 1054 316 1107 etiam
330 1053 505 1107 conditionem
520 1071 597 1108 suam
611 1060 737 1112 mutatam
749 1052 913 1116 arbitrantes,

114 1127 210 1201 aCyro
225 1127 387 1182 deiecerunt:
409 1145 531 1199 quaeres
547 1127 692 1182 multorum
706 1125 836 1180 bellorum
845 1126 918 1200 Cyro

114 1219 193 1256 causa
209 1209 234 1256 et
247 1203 320 1274 origo
334 1201 394 1256 fuit.
424 1202 534 1256 Domitis
549 1202 658 1256 demum
674 1200 817 1272 plerisque,
829 1219 916 1272 quum

114 1275 242 1330 adversus
252 1276 410 1350 Babylonios
419 1275 520 1331 bellum
529 1284 636 1349 gereret,
643 1275 795 1349 Babyloniis
806 1293 852 1329 rex
862 1276 918 1348 Ly-

114 1351 210 1406 dorum
225 1351 345 1415 Croesus,
358 1351 435 1405 cuius
447 1369 510 1422 opes
523 1359 549 1405 et
561 1351 667 1406 divitiae
681 1350 798 1424 insignes
810 1367 839 1404 ea
850 1358 917 1402 tern-

114 1433 212 1498 pestate
226 1434 308 1490 erant,
326 1426 353 1479 in
369 1425 501 1480 auxilium
515 1425 600 1481 venit:
622 1424 770 1496 victusque,
783 1425 836 1478 iarn
846 1424 878 1478 de
888 1442 919 1478 se

114 1500 240 1565 solicitus,
254 1501 281 1555 in
293 1518 405 1573 regnum
415 1499 521 1573 refugit,
554 1499 640 1573 Cyrus
650 1516 757 1572 quoque
766 1507 825 1570 post
834 1499 918 1552 victo-

114 1575 191 1640 riam,
211 1575 362 1646 oompositis
376 1575 403 1630 in
418 1574 562 1649 Babylonia
575 1574 667 1639 rebus,
682 1573 783 1628 bellum
796 1573 919 1628 transfert

114 1650 143 1703 in
154 1650 276 1722 Lydiam.
310 1649 348 1703 Ibi
364 1649 466 1703 fortuna
482 1649 577 1720 prioris
589 1649 682 1720 proelii
696 1647 848 1720 perculsum
863 1648 917 1702 iam

115 1723 205 1778 Croesi
224 1725 368 1776 exercitum
388 1723 462 1778 nullo
480 1724 583 1796 negotio
602 1721 702 1778 fundit:
728 1722 840 1778 Croesus
861 1723 919 1794 ipse

114 1796 226 1867 capitur.
255 1797 306 1850 Sed
322 1805 421 1868 quanto
435 1796 538 1851 bellum
552 1797 662 1852 minoris
676 1797 795 1868 periculi,
811 1805 882 1851 tanto
892 1806 918 1852 et

114 1871 203 1924 mitior
213 1871 319 1925 victoria
327 1869 387 1924 fuit.
409 1871 503 1926 Croeso
515 1879 540 1926 et
550 1871 612 1936 vita,
625 1880 650 1925 et
658 1872 809 1942 patrimonii
819 1880 916 1942 partes,

113 1955 139 1999 et
153 1945 218 1998 urbs
232 1946 330 1999 Barene
344 1961 465 1999 concessa
477 1953 554 2000 sunt:
576 1946 603 2000 in
619 1964 672 2017 qua
685 1946 732 2000 etsi
748 1964 801 2001 non
815 1947 918 2020 regiam

114 2021 206 2084 vitam,
218 2020 367 2090 proximam
380 2027 468 2075 tamen
479 2021 607 2074 maiestati
620 2021 706 2094 regiae
715 2021 827 2094 degeret.
848 2021 921 2075 Haeo

113 2094 252 2150 elementia
273 2112 326 2148 non
345 2094 435 2149 minus
455 2094 556 2158 victori,
576 2096 745 2166 quamvioto,
763 2095 836 2149 utilis
850 2094 916 2151 fuit:
941 2161 944 2166 ¹

113 2171 214 2240 quippe
233 2187 266 2223 ex
285 2169 409 2224 universa
432 2168 554 2232 Graecia,
578 2170 695 2242 cognito,
720 2169 794 2241 quod
812 2168 919 2224 illatum

114 2244 209 2300 Croeso
227 2243 327 2298 bellum
347 2251 427 2308 esset,
449 2243 548 2298 auxilia
567 2243 639 2297 velut
658 2243 691 2298 ad
710 2261 851 2298 commune
870 2261 921 2299 ex-

112 2317 305 2390 stinguendum
330 2318 483 2373 incendium
509 2315 688 2372 confluebant:
724 2326 810 2373 tantus
827 2313 922 2374 Croesi

112 2409 187 2444 amor
197 2392 267 2461 apud
279 2410 370 2446 omnes
380 2391 460 2447 urbes
471 2402 538 2448 erat:
549 2410 731 2464 passurusque
740 2393 826 2466 Cyrus
836 2411 922 2466 grave

112 2463 214 2517 beilum
225 2465 348 2520 Graeciae
357 2466 415 2531 fuir,
428 2467 451 2519 si
460 2466 528 2537 quid
537 2466 565 2521 in
575 2467 701 2522 Croesum
712 2467 845 2522 crudelius
855 2485 923 2522 con·

112 2535 249 2590 suluisset.
280 2540 414 2593 interiecto
428 2540 523 2594 deinde
536 2549 664 2612 tempore,
680 2551 805 2613 occupato
819 2542 847 2596 in
858 2541 923 2596 aliis

109 2604 189 2659 bellis
209 2610 287 2681 Cyro,
308 2613 377 2684 Lydi
397 2613 565 2668 rebellavere.
599 2614 704 2682 Quibus
724 2617 819 2671 iterum
840 2617 923 2671 victis
999 2611 1000 2682 ζ
