2016 3028
146 195 196 250 228
381 185 526 246 ruamur
544 197 701 243 maron.

146 302 236 375 regina
252 299 392 354 Semirami
401 297 461 353 luit.
482 299 593 354 Nomen
604 297 665 352 urbi
676 314 690 351 a
700 297 827 352 Damasoo
837 313 901 371 rege
912 297 952 352 in-

146 375 245 438 ditum:
267 374 295 428 in
314 372 391 428 euius
413 373 541 442 honorem
563 373 634 447 Syrii
654 371 807 444 sepulcrum
829 372 951 436 Athares,
1003 399 1004 458 3

146 448 237 504 uxoris
250 447 319 514 eius,
335 465 383 519 pro
397 447 493 518 templo
506 447 617 512 uoluere,
634 447 765 518 deamque
778 446 877 501 exinde
891 465 955 502 san·
1003 459 1004 518 3

145 523 277 578 ctissimae
295 522 432 596 religionis
451 522 558 576 habent.
589 523 649 576 Post
665 523 823 576 Damascum
842 520 950 584 Ateius,
1003 521 1004 594 ξ

145 596 316 653 moxAdores
325 604 350 652 et
360 597 493 652 Abraham
506 604 531 650 et
544 595 644 650 israhel
651 613 725 670 reges
738 594 819 652 fuere.
851 595 904 650 Sed
914 598 953 650 Is
1003 607 1004 668 3

145 672 261 728 rahelem
275 671 339 728 felix
354 671 444 726 deoenr
461 670 575 726 filiorum
585 677 728 742 proventus
738 670 885 725 maioribus
895 671 953 726 suis

145 742 281 804 elafiorem
296 747 365 802 iecit.
396 748 486 819 ltaque
499 745 629 818 populum
643 745 672 799 in
689 744 779 799 deoem
789 762 871 818 regna
882 745 953 799 divi·
1003 747 1004 820 3

145 841 207 878 sum
219 822 281 879 filiis
293 821 409 886 tradidit,
420 837 566 893 omnesque
573 837 609 886 ex
621 820 728 876 nomine
737 819 826 885 iudae,
834 821 883 892 qui
893 828 954 892 post
1003 827 1004 882 l

145 898 303 954 divisionem
315 897 466 962 deoesserat,
484 895 592 950 ludaeos
605 893 759 967 appellavit;
781 893 953 966 ooliqueeius
1003 893 1004 940 Ῠ

145 973 299 1028 memoriam
309 973 343 1026 ab
352 970 478 1026 omnibus
488 970 574 1034 iussit,
589 971 667 1025 euius
677 970 762 1043 portio
771 969 899 1025 omnibus
910 987 954 1024 aa·
1003 977 1004 1042 3

144 1055 265 1102 cesserat.
287 1046 415 1102 Minimus
424 1052 504 1101 aetate
514 1045 582 1100 inter
591 1045 682 1100 iratres
692 1043 785 1116 loseph
799 1043 861 1114 tuin
872 1043 953 1100 cuius
1003 1047 1004 1118 3

144 1121 275 1177 exoellens
290 1121 428 1194 ingenium
444 1120 520 1174 veriti
537 1119 628 1174 fratres
642 1118 711 1174 olam
721 1121 895 1192 interoeptum
906 1137 954 1190 pe·
1003 1181 1004 1190 ἵ

144 1195 257 1269 regrinis
274 1195 463 1250 mercatoribus
472 1194 657 1250 vendiderunt.
688 1195 820 1266 Aquilius
830 1194 954 1266 deporta·
1003 1221 1004 1226 κ

145 1278 188 1325 tus
202 1270 230 1324 in
244 1268 405 1342 Aegyptum,
421 1287 507 1340 quum
517 1269 633 1343 magicas
644 1269 681 1324 ibi
691 1277 758 1324 artes
768 1267 866 1324 sollerti
877 1270 955 1342 inge-

146 1345 190 1399 nio
208 1343 373 1416 percepisset,
393 1343 468 1400 brevi
482 1344 533 1415 ipsi
552 1345 607 1418 regi
623 1361 746 1415 percarus
756 1343 816 1398 tuit.
837 1345 918 1398 Nam
927 1353 954 1398 et
1003 1391 1004 1416 3

144 1419 326 1493 prodigiorum
344 1418 532 1492 sagacissimus
551 1426 606 1473 erat
625 1427 651 1473 et
666 1419 831 1474 somniorum
844 1419 954 1490 primus
1003 1421 1004 1472 l

137 1491 484 1568 'intelligentiamoondidit
503 1492 626 1566 nihilque
639 1493 725 1549 arvini
741 1494 806 1548 rura
822 1493 955 1548 humant·
1003 1477 1004 1552 l

144 1587 198 1642 que
214 1571 238 1624 ei
253 1569 417 1642 inoognitum
435 1567 587 1623 videbatur:
609 1568 682 1634 adeo,
699 1578 728 1623 ut
740 1569 818 1622 etiam
828 1567 954 1622 sterilita-
1003 1557 1004 1582 ¹

145 1653 198 1699 tem
208 1659 333 1718 agrorum
343 1651 402 1699 ante
414 1642 512 1697 multos
523 1659 606 1697 annos
616 1642 772 1715 providerit:
787 1644 956 1714 perissetque

144 1718 373 1792 omnisAegyptus
382 1717 459 1782 tame,
473 1718 525 1772 nisi
534 1717 636 1773 monitu
646 1718 703 1773 eius
712 1736 759 1772 rex
768 1719 851 1773 edioto
861 1735 957 1772 serva·
1003 1741 1004 1762 t

146 1795 167 1848 ri
182 1811 229 1865 per
243 1793 341 1848 multos
358 1809 441 1848 anuos
457 1792 548 1867 fruges
558 1792 692 1848 iussisset:
713 1793 957 1865 tantaqueexperi-
1003 1763 1004 1840 l

146 1875 233 1922 menta
252 1867 310 1920 eins
324 1865 439 1932 luerunt,
461 1875 489 1922 ut
505 1885 558 1923 non
573 1868 608 1922 ab
625 1867 741 1934 homine,
757 1869 803 1922 sed
818 1867 897 1923 adeo
911 1885 958 1922 re-

144 1958 241 2014 sponsa
255 1940 312 1996 dari
329 1941 488 1996 viderentur.
517 1939 604 1997 Filius
613 1942 672 1997 eius
681 1942 785 2016 Moyses
795 1941 852 2007 tuit,
869 1959 957 2016 quem

143 2023 246 2090 praetor
255 2023 377 2087 paternae
388 2016 511 2073 scientiae
523 2017 692 2072 hereditatem
703 2016 959 2088 etiamiormaepul-

144 2090 267 2148 chritudo
282 2092 492 2148 oommendabat.
522 2091 573 2147 Sed
592 2091 725 2168 Aegyptii,
738 2109 825 2164 quum
834 2092 960 2148 scabiem

145 2176 170 2225 et
184 2167 345 2243 vitiliginem
355 2174 513 2240 paterentur,
525 2183 652 2240 responso
661 2167 825 2223 monitieum
834 2183 899 2222 oum
909 2186 961 2223 ae-

204 2285 211 2310 ,
228 2261 262 2299 ne
271 2241 351 2316 pestis
362 2243 395 2298 ad
404 2242 493 2316 plures
506 2250 627 2314 serperet,
639 2242 759 2298 terminis
769 2241 884 2317 Aegypti
897 2244 962 2314 pel-

144 2261 214 2373 iiii.
247 2319 308 2373 Dux
326 2317 407 2391 igitur
426 2316 551 2374 exsulum
571 2316 654 2374 iaetus
674 2333 746 2373 saera
761 2317 962 2404 Aegyptiorum

145 2391 216 2447 furto
229 2391 352 2448 abstulit:
373 2410 442 2465 quae
455 2400 598 2464 repetentes
611 2393 693 2448 armis
706 2393 830 2467 Aegyptii
840 2392 961 2448 domum

145 2465 231 2519 redire
245 2467 444 2538 tempestatibus
453 2466 584 2540 compulsi
593 2475 667 2523 sunt.
687 2469 779 2540 Itaque
787 2469 895 2542 Moyses
905 2469 963 2524 Da-

145 2554 277 2604 mamona,
294 2539 403 2611 antiqua
416 2543 509 2614 panis,
521 2544 627 2614 repetita
638 2541 861 2616 montem-Syma
876 2559 963 2599 oecu-
1003 2565 1004 2602 3

144 2617 202 2676 pat:
224 2627 280 2681 quo
301 2620 400 2682 septem
420 2615 524 2670 dierum
545 2617 646 2674 ieiunio
664 2635 711 2689 per
725 2617 826 2672 deserta
840 2617 965 2675 Arabiae
1003 2613 1004 2682 l

144 2693 207 2734 cum
222 2683 321 2754 populo
330 2701 379 2742 sue
388 2686 513 2760 fatigante
525 2707 612 2763 quum
623 2692 729 2748 tandem
737 2691 862 2758 venisset,
875 2695 967 2766 septi-
1003 2691 1004 2762 l
