1998 3006
121 160 169 210 ⁴36
355 163 503 208 IUSTINI
521 162 675 206 HISTOR,

120 265 190 318 Dum
206 263 270 316 haee
282 270 406 334 aguntur,
423 262 598 334 Lysimachus
612 278 738 332 generum
752 277 834 314 suum
844 265 913 316 Anti·

119 346 223 408 patrum
238 353 350 408 regnum
361 336 525 390 Macedoniae
534 336 667 390 ademtam
678 335 728 388 sibi
741 335 918 406 soeerilraude

120 418 272 482 querentem
286 411 427 478 interioria·
448 409 583 481 filiamque
597 428 672 464 suam
683 409 842 482 Eurydicen,
854 429 917 482 que·

120 484 233 538 relarum
251 485 357 550 sociam,
375 485 401 538 in
415 485 558 539 custodiam
570 485 658 538 tradit:
680 491 758 554 atque
768 484 802 536 ita
813 486 918 539 univer·
981 531 982 550 ,

120 577 148 612 sa
163 559 303 614 Cassandri
321 561 416 614 domus
433 559 580 614 Alexandro
590 561 686 633 Magno
696 577 741 611 seu
753 559 824 612 necis
835 560 918 630 ipsius
981 573 982 618 t

120 652 167 687 seu
182 634 271 705 stirpis
286 637 426 688 exstinctae
443 652 537 704 poenas
548 634 641 704 partim
653 633 737 696 caede,
749 634 846 704 partim
855 653 918 706 sup-
981 621 982 702 l

120 709 207 780 plicia,
224 711 319 780 partim
334 709 473 780 parricidio
488 708 544 762 luit.
573 709 719 762 Demetrius
734 725 841 779 quoque
855 727 869 762 a
884 718 918 763 tot
981 705 982 772 l

981 835 982 870 t

120 783 278 839 exercitibus
296 784 504 845 circumventus,
521 799 605 854 quum
622 792 708 852 posset
722 782 830 836 honeste
841 785 916 847 mori,
981 785 982 834 l

120 858 231 929 turpiter
240 877 268 912 se
278 859 370 912 dedere
379 857 592 912 Seleucomaluit.
613 856 920 912 FinitobelloPtolemae-
981 901 982 924 ,

120 951 153 986 us
162 950 223 999 cum
235 951 329 1004 magna
341 950 429 986 rerum
442 939 574 1005 gestarum
584 931 667 1004 gloria
678 931 797 985 moritur.
825 934 920 986 lscon-
981 931 982 938 ’

121 1015 159 1060 tra
170 1007 212 1060 ius
221 1008 339 1078 gentium
363 1007 474 1060 minimo
485 1015 547 1062 natu
557 1024 590 1060 ex
601 1005 662 1060 liliis
672 1014 730 1072 ante
740 1005 920 1060 infirmitatem

121 1098 232 1152 regnum
243 1080 390 1146 tradiderat,
403 1081 513 1152 eiusque
523 1081 559 1134 rei
565 1081 661 1152 populo
667 1081 792 1134 rationem
800 1081 923 1135 reddide-

120 1163 173 1208 rat:
195 1155 271 1208 cuius
285 1172 338 1210 non
352 1157 438 1209 minor
453 1155 526 1210 lavor
541 1156 569 1209 in
586 1155 735 1226 accipiendo
745 1173 826 1225 quam
839 1157 922 1226 patris
981 1175 982 1220 ;

120 1229 148 1282 in
159 1228 282 1282 tradendo
293 1247 373 1302 regno
383 1229 475 1284 luerat.
506 1231 574 1284 Inter
585 1238 666 1283 cetera
676 1229 756 1300 patris
766 1237 791 1283 et
801 1230 849 1283 filii
861 1248 922 1284 mu-

120 1311 180 1357 tuae
192 1303 293 1374 pietatis
307 1305 426 1376 exempla
437 1305 515 1358 etiam
526 1322 554 1358 ea
565 1323 606 1358 res
619 1321 732 1358 amorem
742 1304 834 1375 populi
845 1306 923 1358 iuve-

120 1377 148 1431 ni
164 1378 353 1443 conciliaverat,
365 1380 436 1451 quod
448 1389 518 1450 pater
531 1396 612 1451 regno
625 1379 647 1432 ei
658 1377 923 1450 publicetraditopri-

120 1460 197 1508 vatus
207 1452 323 1508 officium
335 1455 389 1527 regi
402 1452 924 1527 intersatelliteslecerat,omniqueregno

120 1527 257 1599 pulchrius
271 1529 339 1602 regis
349 1547 405 1582 esse
415 1536 514 1598 patrem
524 1528 644 1581 duxerat.
724 1585 726 1588 ,

175 1602 244 1658 Car.
266 1605 310 1657 lll.
326 1604 375 1658 Sed
386 1602 921 1675 interLysimachumethrrhumregern,

120 1677 204 1730 socios
217 1676 371 1746 paulloante
380 1677 506 1730 adversus
519 1677 688 1738 Demetrium,
699 1676 842 1730 adsiduum
854 1678 925 1731 inter

119 1769 195 1822 pares
209 1750 352 1805 discordiae
367 1751 467 1805 malum
482 1751 582 1805 bellum
593 1759 715 1805 moverat.
746 1750 833 1806 Victor
844 1753 925 1824 Lysi-

119 1826 230 1879 machus
244 1823 321 1894 pulso
337 1826 439 1896 Pyrrho
451 1825 627 1880 Macedoniam
638 1833 817 1894 occupaverat.
858 1827 927 1880 lude

119 1899 243 1953 Thraciae
256 1916 286 1952 ao
295 1899 417 1970 deinceps
427 1899 562 1953 Heracleae
576 1899 675 1954 bellum
693 1899 824 1963 intulerat,
842 1901 924 1953 ouius

119 1973 193 2028 urbis
208 1980 233 2026 et
246 1973 319 2028 initia
330 1983 354 2027 et
364 1975 450 2028 exitus
460 1973 627 2028 admirabiles
640 1974 724 2028 foere:
746 1975 845 2046 quippe
857 1975 926 2028 lloe-

118 2049 178 2103 otiis
194 2046 339 2120 pestilentia
355 2047 533 2102 laborantibus
546 2048 682 2102 oraculum
692 2047 799 2118 Delphis
813 2066 927 2118 respou-

118 2123 199 2188 derat,
221 2126 385 2178 coloniarum
395 2125 696 2192 Pontirepr'onesacram
708 2124 817 2176 Herculi
828 2129 929 2176 conde-

117 2208 183 2252 rent.
212 2197 302 2264 Quum
320 2205 423 2268 propter
437 2206 537 2250 metum
555 2196 648 2270 longae
665 2214 694 2251 ac
704 2197 864 2268 periculosae
877 2215 930 2250 na-

117 2272 258 2344 vigationis
270 2281 377 2327 mortem
388 2272 415 2326 in
430 2272 510 2342 patria
522 2273 647 2326 omnibus
661 2272 877 2343 praeoptantihus
885 2289 931 2324 res

117 2346 216 2398 omissa
226 2355 301 2408 esset,
315 2347 414 2400 bellum
425 2347 467 2400 his
478 2347 622 2401 Phocenses
631 2345 790 2401 intulerunt:
805 2363 930 2418 quorum

116 2434 202 2484 qturm
220 2417 330 2473 adversa
344 2419 443 2489 proelia
457 2428 616 2491 paterentur,
631 2422 721 2476 iterato
736 2421 769 2474 ad
784 2419 931 2475 oraculum

116 2488 261 2543 decurrunt
268 2499 663 2564 ,responsumddambelliquod
671 2499 934 2562 pestilentiucreme-
981 2511 982 2582 p

115 2563 189 2612 dium
201 2569 265 2629 sore.
295 2566 379 2636 lgitur
394 2569 539 2639 conscripta
553 2569 704 2623 colonorum
721 2587 801 2622 manu
812 2567 839 2620 in
854 2569 935 2621 Pon-

116 2635 174 2682 tum
184 2633 263 2686 delati
274 2638 367 2690 urbem
380 2639 531 2696 Heracleam
541 2642 729 2711 condideruut;
751 2650 783 2706 et,
795 2642 935 2714 quoniam
