2014 3000
7 2433 11 2526 l

330 196 402 241 ure.
421 165 456 240 u.
479 197 558 242 ene.
581 197 624 242 14.
846 195 875 245 at

78 312 152 352 omne
169 293 313 365 capiebat;-
325 303 454 350 carentem
467 297 544 350 etiam
559 297 632 350 omni
646 313 784 352 servorum
799 299 880 352 mini-

79 371 160 433 sterio,
176 370 256 423 cuius
269 371 398 424 exercitus
411 380 515 442 propter
525 371 722 425 multitudinem
734 371 808 426 terris
816 391 880 446 gra-

80 461 123 498 ves
137 451 220 498 erant.
251 446 305 498 Nec
318 445 484 515 pedestribus
497 447 589 517 copiiS,
606 464 673 518 quas
689 446 803 500 ducibus
814 449 880 502 assi-

79 527 208 594 gnaverat,
225 518 328 572 felicius
344 520 391 573 iter
401 519 464 574 luit:
486 521 619 591 siquidem
629 521 783 592 quotidiano
796 522 879 576 labori

80 595 170 668 (neque
188 594 262 647 euim
285 593 339 647 ulla
357 602 396 648 est
409 596 587 649 metuentibus
601 597 685 668 quies)
700 597 779 651 etiam
797 596 879 652 fames

79 675 226 724 accesserat.
256 667 399 723 Multorum
415 669 510 723 deinde
528 669 631 723 dierum
646 671 734 740 inopia
745 679 880 726 contraxe-

79 753 116 799 rat
124 750 148 796 et
157 749 271 813 pestem;
285 750 409 815 tantaque
419 743 527 808 foeditas
537 745 707 798 morientium
718 743 775 808 luit,
788 754 818 799 ut
824 747 881 799 viae

78 817 248 872 cadaveribus
258 817 438 889 implerentur,
451 818 577 890 alitesque
587 827 612 872 et
619 819 727 882 bestiae,
741 817 832 894 [escae]
848 819 879 872 il-
962 817 965 822 ’

78 893 185 948 lecebris
196 892 355 957 sollicitatae,
367 895 510 947 exercitum
521 901 700 965 sequerentur.

130 967 201 1022 Car.
223 967 295 1023 XIV.
307 969 414 1022 Interim
424 966 880 1041 MardoniusinGraeciaOlynthum

76 1049 220 1114 expugnat.
250 1041 424 1096 Athenienses
438 1060 545 1114 quoque
559 1043 586 1096 in
602 1060 676 1113 spem
686 1043 758 1113 pacis
768 1043 881 1096 amiciti-

77 1133 173 1189 amque
189 1116 260 1188 regis
273 1117 403 1181 sollicitat,
421 1117 553 1188 spondens
569 1118 689 1174 incensae
703 1136 793 1171 eorum
805 1118 881 1172 urbis

75 1193 153 1246 etiam
171 1191 197 1244 iu
217 1191 303 1246 maius
318 1193 515 1246 restitutionem.
546 1194 717 1264 Posteaquam
733 1191 807 1246 nullo
821 1210 881 1263 pre-

76 1269 110 1321 tio
121 1267 267 1320 libertatem
280 1267 349 1322 videt
359 1266 402 1320 his
414 1267 541 1331 venalem,
554 1267 752 1338 incensiS,quae
760 1266 881 1320 aedilica·

74 1360 102 1396 re
114 1347 262 1412 coeperant,
278 1343 364 1413 copias
379 1341 406 1395 in
416 1341 546 1396 Boeotiam
557 1341 684 1396 transfert.
717 1343 756 1395 Eo
766 1349 790 1394 et
800 1341 882 1396 Grae-

73 1434 166 1472 corum
183 1415 322 1481 exercitus,
339 1417 387 1488 qui
398 1424 503 1470 centum
514 1417 630 1471 millium
640 1416 699 1480 luit,
712 1423 817 1470 secutus
827 1423 878 1470 est:

74 1493 167 1562 ibique
185 1489 315 1561 proelium
334 1492 518 1546 commissum.
548 1491 599 1546 Sed
613 1490 717 1545 fortuna
734 1490 804 1562 regis
818 1507 881 1543 curu

73 1567 141 1620 duce
152 1573 252 1619 mutata
263 1573 373 1620 nonest.
404 1567 472 1620 Nam
483 1567 569 1620 victus
580 1564 742 1628 Mardonius,
755 1563 837 1618 veluti
848 1580 881 1617 ex

75 1640 223 1713 naufragio,
243 1657 305 1694 cum
319 1641 410 1712 paucis
424 1640 550 1712 profugit.
584 1639 673 1694 Castra
684 1637 774 1692 referta
785 1637 881 1710 regalis

73 1715 224 1786 opulentiae
237 1723 322 1786 capta.
352 1715 426 1770 Unde
441 1715 559 1786 primum
578 1713 699 1778 Graecos,
717 1712 804 1768 diviso
814 1713 882 1767 inter

73 1808 101 1844 se
114 1808 180 1844 auro
198 1791 311 1855 Persico,
328 1790 482 1844 divitiarum
496 1789 601 1843 luxuria
612 1790 688 1861 cepit.
719 1788 819 1842 Eodem
829 1787 883 1842 ior-

72 1873 97 1918 te
114 1865 168 1930 die,
185 1881 240 1936 quo
254 1865 384 1920 Mardonii
397 1865 486 1936 copiae
499 1863 596 1918 deletae
610 1871 681 1929 sunt,
699 1865 777 1918 etiam
792 1863 881 1917 navali

69 1939 174 2013 proelio
190 1941 219 1994 in
234 1939 306 2004 Asia,
319 1940 469 1996 submonte
481 1938 590 2014 Mycale,
601 1940 728 1994 adversus
739 1941 830 1993 Persas
841 1938 883 1992 di-

71 2015 203 2070 micatum
214 2022 262 2068 est.
293 2015 333 2068 lbi
344 2025 402 2069 ante
412 2015 632 2087 congressionem,
645 2031 731 2085 quum
741 2013 838 2067 classes
849 2029 882 2066 ex

69 2090 186 2144 adverso
200 2097 307 2154 starent,
319 2088 388 2144 fama
398 2088 431 2143 ad
440 2089 735 2160 utrumqueexercitum
748 2087 828 2150 venit,
841 2086 883 2140 vi-

68 2165 140 2219 cisse
163 2164 290 2230 GraecoS,
306 2172 331 2218 et
348 2163 478 2219 lllardonii
495 2165 582 2234 copias
598 2163 730 2218 occidione
743 2160 880 2216 occidisse.

69 2241 187 2294 Tantam
207 2238 292 2293 lamae
309 2238 471 2294 velocitatem
487 2238 577 2303 luisse,
597 2245 635 2302 ut,
653 2254 739 2308 quum
753 2235 883 2289 matutino

68 2323 192 2386 tempore
205 2314 336 2386 proelium
351 2314 379 2368 in
395 2315 496 2368 Boeotia
510 2313 683 2366 commissum
701 2312 742 2376 sit,
759 2310 884 2377 meridia·

69 2391 113 2443 nis
132 2389 209 2444 horis
223 2389 251 2443 iu
266 2389 367 2454 Asiam,
383 2406 430 2460 per
445 2396 480 2442 tot
490 2388 571 2441 maria
582 2394 606 2442 et
616 2394 717 2441 tantum
728 2387 815 2457 spatii,
829 2393 882 2438 tam

67 2463 148 2518 brevi
159 2463 288 2517 horarum
299 2471 431 2518 momento
440 2463 472 2516 de
482 2462 589 2516 victoria
599 2461 799 2516 nuntiatumsit.
813 2459 882 2512 Con·

65 2537 138 2592 lecto
166 2537 249 2603 bello,
280 2556 367 2610 quum
391 2538 424 2592 de
446 2536 571 2607 praemiis
594 2536 729 2592 civitatum
753 2537 872 2602 ageretur
964 2597 966 2602 Ι

64 2614 198 2668 omniurn
224 2612 336 2678 iudicio,
359 2611 562 2667 Atheniensium
586 2610 672 2666 virtus
695 2605 785 2688 ceteris
808 2611 879 2676 prat}-

65 2687 134 2744 lata.
166 2689 237 2743 luter
260 2689 341 2745 duces
364 2703 471 2762 quoque
490 2682 687 2745 Themistocles,
708 2688 830 2748 princeps
845 2683 878 2718 cr·
