1998 3006
315 176 386 221 utu.
406 175 500 222 xant.
522 178 602 224 cnr.
624 177 649 226 a.
836 171 883 227 tta

88 293 150 348 quos
163 274 330 329 matrimonio
340 292 389 329 suo
401 283 574 346 protecturam
585 295 613 332 se
626 279 808 342 arbitrabatur,
823 279 885 333 mit-

89 351 117 404 tit
128 368 159 404 ex
170 349 265 404 amicis
275 349 332 403 suis
343 349 519 420 Chodionem;
540 369 594 424 quo
605 353 728 424 perducto
736 354 764 408 in
774 355 884 408 sanctis-

89 425 181 478 simum
196 423 266 479 lovis
280 423 409 496 templum
430 427 582 482 veterrimae
595 428 768 483 Macedonum
779 428 884 502 religio-

89 499 136 563 nis,
151 497 314 554 Ptolemaeus
324 499 419 554 sumtis
433 499 461 554 in
471 519 567 556 manus
578 501 714 568 altaribus,
729 503 883 575 contingens

87 575 140 644 ipsa
156 572 297 628 simulacra
313 581 338 627 et
351 573 502 645 pulvinaria
511 575 621 631 deorum
631 577 884 632 inauditisultimis·

87 665 136 720 que
145 649 367 703 exsecrationibus
375 649 492 705 adiurat:
510 669 538 704 ae
547 655 650 706 sincera
662 656 711 722 fide
720 657 884 706 matrimoni-

87 741 128 776 um
143 727 243 778 sororis
253 732 355 791 petere;
374 735 635 794 truncupaturumque
649 745 677 780 se
686 743 742 780 eant
752 731 881 793 reptatam,

85 815 163 866 nequa
172 802 200 851 in
211 801 452 854 contumeliumea'us
459 817 486 854 aa
494 803 799 862 oliamuoeorcmaliosee,
806 817 884 867 quom

85 875 151 942 filios
164 875 228 936 cius,
245 875 505 928 tiberoahabtturum.
535 873 645 928 Arsinoe
654 883 794 946 postquam
804 881 829 926 et
839 891 884 943 spe

85 945 190 1016 impleta
205 953 245 999 est
257 953 282 1000 et
296 954 367 1000 metu
377 947 471 1012 soluta,
483 948 539 1018 ipsa
553 966 614 1002 eum
624 947 701 1003 lratre
710 947 881 1018 colloquitur3

84 1021 159 1076 ouius
165 1019 256 1074 vultus
266 1028 291 1074 et
300 1020 464 1076 blandientes
473 1022 542 1076 oculi
554 1024 639 1093 quum
650 1023 730 1078 fidem
741 1040 791 1076 non
799 1022 885 1076 mino-

82 1113 229 1167 remquam
241 1095 426 1150 iusiurandum
437 1097 624 1166 promitterent,
637 1097 792 1152 reclamante
802 1095 885 1151 Ptole-

82 1187 157 1226 maeo
173 1170 229 1224 filio
237 1175 357 1240 fraudem
366 1171 507 1237 subactam
518 1172 716 1228 matrimonium
728 1171 813 1226 fratris
823 1189 885 1225 con-

82 1246 159 1302 cedit.

138 1319 208 1375 Gar.
229 1319 275 1373 ΠΙ.
296 1319 409 1390 Nuptiae
423 1336 520 1392 magno
533 1328 658 1392 apparatu
670 1321 818 1392 laetitiaque
828 1338 886 1374 om*

10 1423 11 1458 1
81 1396 159 1450 nium
174 1392 347 1448 celebrantur.
377 1393 418 1448 Ad
433 1394 583 1448 concionem
594 1413 701 1467 quoque
711 1405 800 1450 vocato
810 1413 886 1448 exer-

81 1471 134 1525 citu
145 1468 224 1540 capiti
234 1469 330 1523 sororis
340 1467 460 1522 diadema
471 1469 591 1540 imponit,
601 1471 772 1542 reginamque
777 1487 833 1523 eam
841 1487 887 1540 ap-

79 1544 171 1618 pellat.
184 1543 241 1609 Quo
247 1543 352 1598 nomine
358 1544 385 1597 in
394 1543 515 1598 laetitiam
521 1543 602 1598 effusa
608 1544 806 1615 Arsinndquia,
814 1543 887 1615 quod

80 1627 166 1676 morte
176 1618 329 1692 Lysimachi
340 1619 434 1689 prioris
444 1619 531 1672 mariti
542 1619 671 1682 amiserat,
683 1619 829 1688 recepisset,
844 1617 887 1671 ul-

79 1704 121 1750 tro
138 1693 227 1748 virum
243 1693 269 1746 in
285 1693 376 1748 urbem
392 1711 468 1748 suam
483 1692 672 1748 Cassandream
690 1693 797 1758 invitat,
810 1693 886 1748 cuius

79 1769 158 1826 urbis
178 1768 319 1838 cupiditate
330 1767 401 1822 lraus
410 1769 568 1822 struebatur.
589 1770 742 1841 Praegressa
753 1767 833 1842 igitur
847 1768 887 1822 vi-

79 1863 142 1898 rum
155 1843 226 1898 diem
238 1841 332 1896 festum
344 1843 403 1896 urbi
416 1844 442 1898 in
453 1843 770 1898 adventumeiusindicit:
783 1843 884 1907 dornos,

79 1918 182 1990 templa
207 1926 343 1989 ceteraque
361 1919 450 1972 omniu
470 1919 591 1974 exornari
605 1919 690 1983 iubet;
712 1937 770 1973 aras
786 1919 887 1990 ubique

77 1995 237 2064 hostiasque
257 1992 375 2064 disponi:
399 1993 466 2047 filios
489 2012 596 2065 quoque
608 2011 679 2058 suos,
696 1993 886 2066 Lysimachum

77 2068 218 2124 sexdecim
237 2085 320 2122 annos
334 2076 435 2132 natum,
452 2068 605 2140 Philippum
622 2069 733 2123 triennio
747 2069 884 2130 minorem,

76 2153 230 2214 utrumque
248 2141 331 2196 forma
349 2143 490 2216 insignem,
508 2151 642 2198 coronatos
656 2159 790 2196 occurrere
804 2142 885 2194 iubet.

76 2219 155 2286 Quos
174 2217 338 2272 Ptolemaeus
353 2218 386 2272 ad
401 2217 536 2272 celandam
551 2218 671 2272 fraudem
681 2216 776 2287 cupide
785 2223 810 2270 et
820 2214 887 2270 ultra

77 2293 195 2348 modum
215 2309 291 2346 verae
309 2291 459 2346 adlectionis
474 2292 613 2364 amplexus
623 2291 721 2347 osculis
730 2291 776 2346 diu
787 2290 886 2363 fatigat.

76 2369 131 2422 Ubi
144 2369 181 2423 ad
191 2375 294 2439 portam
306 2377 414 2421 ventum
425 2375 471 2432 est,
484 2368 606 2438 occupari
619 2383 704 2422 arcem
715 2367 801 2432 iubet,
823 2383 889 2436 pue-

75 2461 121 2498 ros
144 2441 267 2496 interfici.
301 2441 350 2508 Qui
370 2460 456 2514 quum
476 2441 509 2496 ad
529 2449 638 2496 matrem
653 2441 841 2513 confugissent,
860 2440 887 2492 in

73 2519 185 2590 gremio
199 2518 258 2570 eius
275 2517 341 2570 inter
357 2517 411 2587 ipsa
429 2516 517 2570 oscula
529 2517 702 2579 trucidantur,
713 2515 888 2586 proclamante

72 2593 204 2656 Arsinoe,
211 2596 281 2660 quod
294 2600 393 2644 tantum
404 2597 476 2660 nesus
486 2601 533 2645 aut
541 2596 658 2646 trahendo
663 2600 709 2645 aut
717 2597 775 2656 post
784 2590 888 2650 nuptias

73 2669 269 2722 contrusisset.
299 2667 348 2720 Pro
364 2665 426 2720 filiis
435 2682 512 2738 saepe
525 2683 553 2720 se
566 2665 765 2737 percussoribus
780 2656 886 2723 obtulit;

668 2755 724 2809 Ma
