1984 3010
253 121 255 123 ¹
331 163 402 208 nra.
422 163 480 209 xn.
502 163 580 210 cnr.
603 163 629 210 r.
835 158 887 209 roc

89 263 136 318 sub
144 263 226 334 specie
236 262 394 317 insidiarum
405 280 496 318 omnes
506 263 640 318 interlecti.
661 264 786 317 Retentus
796 269 884 318 tamen

89 346 124 392 est
132 356 145 392 a
152 337 338 392 Macedonibus
349 355 406 392 mos
416 338 548 393 salutandi
558 339 628 412 regis
638 337 745 409 explosa
754 337 884 392 adoratio-

88 430 127 466 ne.
156 414 216 466 Post
229 413 294 466 haec
308 412 410 466 Indiam
424 414 495 484 petit,
511 420 541 467 ut
555 413 657 468 Oceano
667 413 814 484 ultimoque
824 412 887 467 Ori·
980 445 981 448 =

88 495 140 541 ente
158 487 243 541 finiret
258 487 409 558 imperium.
440 488 489 542 Cui
506 487 604 560 gloriae
618 496 648 542 ut
661 488 740 542 etiam
754 488 885 542 exercitus

87 570 231 616 ornamenta
246 563 424 627 convenirent,
440 562 561 633 phaleras
575 580 704 634 equorum
717 570 742 616 et
751 581 823 616 arma
832 561 885 616 mi-

87 635 159 690 litum
173 645 281 708 argento
297 637 412 704 inducit;
434 637 632 707 exercitumque
646 653 725 690 suum
742 637 775 691 ab
790 655 887 710 angen·
980 671 981 674 =

87 711 131 764 teis
147 710 246 784 clypeis
257 710 450 784 Argyraspidas
461 709 609 782 appellavit.
640 711 730 776 Quum
740 711 773 764 ad
782 713 884 784 Nysam

88 787 173 840 urbem
195 787 319 850 venisset,
339 785 478 856 oppidanis
492 803 545 840 non
560 786 770 858 repugnantibus
788 785 885 839 liducia

86 860 215 933 religionis
229 860 319 914 Liberi
331 860 422 930 patris,
440 879 453 914 a
469 860 640 932 quocondita
653 859 719 914 urbs
734 867 796 924 erat,
813 861 886 930 parci

85 936 170 989 iussit:
194 935 276 988 laetus
291 952 345 988 non
359 934 482 989 militiam
498 943 610 1000 tantum,
628 953 722 990 verum
738 943 762 988 et
773 935 885 1007 vestigia

11 1073 12 1082 ἶ
85 1028 110 1064 se
120 1010 160 1064 dei
170 1017 299 1063 secutum.
330 1009 405 1063 Tunc
415 1010 447 1063 ad
458 1009 637 1082 spectaculum
648 1010 715 1064 sacri
726 1009 823 1064 montis
833 1010 888 1064 du-

11 1095 12 1104 *
84 1086 120 1138 xit
135 1084 288 1148 exercitum,
306 1085 471 1141 naturalibus
485 1086 572 1151 bonis,
589 1086 642 1141 vite
657 1085 814 1157 aedemque,
831 1103 884 1140 non

83 1160 154 1214 aliter
168 1159 265 1222 vestiti,
283 1175 366 1230 quam
379 1160 403 1214 si
414 1177 495 1214 manu
505 1159 592 1214 cultus
600 1159 795 1232 colentiumque
806 1161 889 1214 indu·

55 1246 62 1255 ·
83 1235 143 1288 stria
160 1242 302 1288 exornatus
312 1241 388 1288 esset.
414 1233 465 1288 Sed
480 1236 610 1290 exercitus
625 1237 691 1300 eius,
707 1236 755 1290 ubi
766 1235 799 1290 ad
809 1253 888 1290 mon-

82 1317 131 1362 tem
142 1309 260 1373 accessit,
273 1309 409 1379 repentino
418 1309 519 1380 impetu
529 1311 625 1364 mentis
636 1311 664 1364 in
674 1327 761 1364 sacros
772 1309 813 1364 dei
824 1310 890 1365 ulu—

80 1383 148 1438 latus
163 1383 305 1436 instinctus
317 1400 378 1438 cum
392 1392 498 1455 stupore
512 1385 582 1458 regis
596 1385 654 1439 sine
668 1402 736 1440 noxa
747 1385 883 1450 discurris

79 1467 108 1513 ut
118 1457 277 1530 intelligeret
285 1475 337 1512 non
350 1465 404 1512 tam
413 1459 509 1530 oppido
519 1477 547 1514 se
556 1460 686 1530 parcendo
695 1477 777 1531 quam
787 1459 890 1512 exerci-

79 1534 118 1602 tui
143 1549 195 1588 suo
214 1533 386 1592 consuluisse.
414 1535 479 1588 lnde
498 1541 599 1588 montes
613 1533 740 1588 Daedalos
754 1549 891 1605 regnaque

80 1607 233 1680 Cleophidis
246 1609 353 1681 reginae
371 1609 447 1680 petit:
469 1625 639 1680 quaequam
657 1625 685 1662 sa
699 1606 841 1661 dedidisset
853 1607 887 1670 ei,

79 1683 222 1738 concubitu
232 1683 378 1738 redemtum
394 1701 506 1757 regnum
516 1683 550 1738 ab
559 1682 709 1737 Alexandro
714 1681 818 1752 recepit,
830 1679 890 1735 ille·

79 1758 165 1813 cebris
183 1765 330 1822 consecuta,
344 1759 415 1830 quod
425 1759 522 1814 virtute
532 1775 585 1812 non
594 1765 711 1829 potuerat
717 1778 727 1827 ;
747 1757 891 1828 filiumque

79 1834 112 1888 ab
126 1851 158 1888 eo
179 1834 299 1906 genitum
314 1833 497 1888 Alexandrum
509 1833 673 1897 nominavit·
682 1833 730 1905 qui
744 1840 831 1904 postea
846 1849 887 1886 re-

78 1925 165 1981 gnum
175 1909 302 1962 Indorum
314 1909 411 1979 potitus
420 1915 469 1962 est.
490 1907 612 1979 Cleophis
621 1909 711 1980 regina
717 1917 821 1979 propter
826 1924 889 1978 pro-

78 1991 189 2038 stratam
203 1983 358 2055 pudicitiam
373 1993 487 2038 scortum
500 1988 600 2052 rapiam
610 1983 643 2038 ab
653 1983 725 2037 Indis
734 1981 830 2037 exinde
840 1999 889 2052 ap-

76 2059 175 2129 pellata
200 2066 246 2113 est.
277 2060 413 2131 Peragrata
432 2055 507 2112 lndia
530 2074 615 2129 quum
638 2057 671 2111 ad
690 2074 786 2111 saxum
806 2056 891 2109 mirae

78 2134 228 2204 asperitatis
247 2140 274 2186 et
292 2132 448 2196 altitudinis,
465 2132 494 2186 in
509 2132 582 2203 quod
596 2131 675 2186 multi
689 2129 781 2202 populi
795 2127 857 2182 conl
874 2160 888 2170 -

78 2217 183 2279 gerant,
202 2208 373 2280 pervenisset,
389 2207 522 2280 cognoscit
535 2206 673 2261 Herculem
683 2205 717 2259 ab
730 2203 890 2277 expugnati-

78 2298 127 2336 one
142 2283 265 2337 eiusdem
281 2283 340 2337 sarri
354 2290 518 2336 terraemotu
529 2281 701 2353 prohibitum.
730 2280 828 2352 Captus
837 2279 890 2335 ita-

79 2373 132 2426 que
146 2357 274 2428 cupidine
283 2357 468 2430 Herculispcta
478 2373 602 2428 superare
613 2373 673 2410 cum
684 2373 790 2411 summo
799 2355 890 2412 labore

80 2447 109 2483 ac
125 2431 247 2502 periculo
261 2433 360 2504 potitus
374 2450 439 2487 saxo
448 2448 540 2487 omnes
550 2431 608 2486 eius
618 2431 668 2485 loci
677 2439 767 2504 gentes
776 2431 804 2485 in
814 2431 891 2484 dedi-

80 2504 182 2560 tionem
192 2507 292 2578 accipit

137 2580 208 2637 Car.
231 2583 298 2638 Vlll.
318 2579 394 2637 Unus
403 2599 437 2636 ax
449 2582 558 2655 regibus
576 2580 704 2635 indorum
725 2577 787 2640 fuit,
805 2577 891 2658 Porus
909 2582 911 2586 ·

76 2655 200 2723 nomine¹
218 2657 323 2712 viribus
337 2658 452 2730 corporis
466 2665 491 2711 et
505 2656 588 2712 animi
602 2651 786 2726 magnitudine
794 2652 893 2720 pariter
