1998 3006
225 127 233 144 ·
313 175 384 220 LIB.
404 175 475 222 XIV.
505 177 583 222 CAP.
603 177 630 222 4.
826 173 875 225 ΗΒ

83 283 133 328 tum
142 279 174 326 tot
183 272 313 328 bellorum
324 291 385 328 cum
396 276 554 348 coniugibus
564 275 696 340 eulaeus,
709 276 755 330 sed
765 284 790 330 et
800 295 875 348 prae-

83 348 128 402 mia
153 347 229 422 longa
249 349 343 402 militia
362 359 435 420 parta
454 351 632 420 perdiderunt.
663 351 715 404 Sed
731 352 872 416 Eumenes

7 437 8 444 ¹
82 423 123 494 qui
137 431 223 476 auctor
237 423 320 478 cladis
335 433 389 478 erat
403 441 451 478 nec
464 424 541 479 aliam
553 443 628 496 spem
638 424 730 479 salutis
744 425 873 498 reliquam

82 497 191 561 habebat,
206 497 286 552 victos
297 498 455 552 hortabatur.
487 501 554 553 Nam
566 509 590 554 et
598 506 694 554 uirtute
703 518 745 554 eos
756 506 874 568 superio-

81 591 119 626 res
130 577 207 641 (aisse
221 573 390 627 adfirmabat:
412 579 506 642 quippe
515 578 548 628 ab
558 577 597 628 tis
610 579 816 642 quinquemillia
827 578 877 628 lra-

79 653 150 702 stiam
165 665 255 714 caesa;
276 657 308 711 et,
323 653 347 702 si
361 653 389 702 im
403 651 468 701 bello
475 657 599 716 perstent,
611 652 681 702 ultro
691 652 773 702 laostes
786 667 875 716 pacem

78 727 204 788 petituros.
234 723 346 785 Damna,
370 727 463 790 quibus
479 740 505 776 se
518 728 600 776 victas
611 731 711 790 putent,
725 727 776 775 duo
790 727 875 776 millia

79 799 210 849 mulierum
219 805 243 849 et
250 814 350 864 paitcos
359 801 472 866 infantes
483 806 507 850 el
516 801 624 851 seruilia
634 814 694 859 esse,
708 814 775 864 quae
784 799 876 850 melius

76 875 195 925 vincenda
215 876 317 938 possint
333 889 460 938 reparare
476 889 554 939 quam
572 875 709 926 deserendo
721 875 875 924 ¹victoriam.

76 946 150 1028 Porro
166 943 358 1018 Argyraspides
377 963 458 1014 aeque
475 951 565 1014 lupam
585 964 612 1000 se
627 955 771 999 tentaturos
784 945 876 998 dicunt

72 1028 128 1088 post
138 1024 234 1074 damua
240 1024 460 1088 patrimoniorum
469 1030 492 1073 et
503 1029 562 1087 post
572 1025 691 1089 couirrpes
703 1027 821 1082 amissas,
830 1037 876 1072 ne-

76 1112 121 1163 qae
135 1097 228 1147 bellum
240 1104 357 1162 qestaros
374 1103 466 1148 contra
484 1099 577 1148 liberos
588 1113 662 1161 suos;
682 1095 803 1166 ultroque
813 1111 875 1148 euna

9 1210 13 1223 .
73 1167 197 1222 conviciis
211 1169 320 1242 agitant,
333 1173 401 1236 quod
412 1186 439 1222 se
446 1179 505 1236 post
515 1179 550 1223 tot
559 1187 641 1224 anuos
651 1175 815 1223 emeritorum
827 1175 876 1223 sti-

70 1248 224 1312 pendiorum
237 1247 372 1297 redeuutes
386 1247 489 1296 domuum
507 1262 564 1297 eam
571 1249 696 1312 praemiis
707 1254 742 1297 tot
752 1247 876 1297 bellorum

72 1322 104 1372 ab
121 1322 180 1385 ipsa
195 1322 316 1372 missione
325 1335 419 1372 rursus
432 1323 461 1371 im
471 1335 563 1372 nouam
572 1322 694 1372 militium
703 1326 877 1386 immeasaque

6 1397 7 1432 l
71 1395 137 1446 bella
151 1397 322 1454 revocaverit,
338 1401 393 1446 eta
410 1395 511 1446 laribus
525 1398 577 1447 iam
593 1397 778 1461 quodammodo
788 1397 843 1447 sais
853 1401 877 1446 et

70 1471 102 1521 ab
112 1472 170 1534 ipsa
181 1469 270 1520 limine
277 1470 382 1533 patriae
392 1469 516 1520 abductos
526 1471 647 1520 inanibus
654 1472 790 1534 promissis
802 1471 877 1519 dece-

66 1547 151 1610 perit:
181 1558 250 1594 nunc
274 1558 374 1610 quoque
399 1545 503 1594 amissis
526 1544 642 1594 omnibus
664 1544 749 1608 [elicis
767 1542 876 1593 militiae

67 1619 220 1686 quaestibus
234 1632 266 1668 ne
280 1619 363 1668 victos
380 1620 482 1682 quidem
497 1619 526 1668 ia
544 1619 641 1668 misera
656 1623 680 1667 et
690 1617 762 1680 inopi
774 1621 877 1667 'senecta

67 1695 203 1760 quiescere
216 1694 295 1744 siuet.
324 1689 426 1762 Ignaris
447 1688 542 1742 deiude
562 1687 675 1742 ducibus
689 1687 824 1740 confestim
844 1688 877 1741 ad

65 1765 235 1836 Antigonum
250 1762 348 1836 legatos
364 1764 472 1818 mittunt
487 1770 610 1836 petentes,
623 1772 652 1816 ut
662 1779 711 1816 sua
721 1767 796 1816 reddi
805 1766 877 1817 iube-

63 1849 101 1894 at.
123 1841 151 1893 Is
161 1843 326 1894 reddituram
336 1857 362 1892 se
372 1838 518 1910 pollicetur,
530 1843 554 1894 si
562 1839 750 1892 Eumenemsibi
761 1842 875 1892 tradant.

64 1914 176 1980 Quibus
194 1913 307 1986 cognitis
323 1914 455 1967 Eumenes
470 1931 532 1968 oum
546 1913 638 1985 paucis
653 1912 743 1985 lugere
755 1913 874 1966 tentavit:

62 1988 112 2043 sed
131 1995 270 2053 retractus,
283 1987 425 2058 desperatis
436 1989 524 2053 rebus,
536 2006 621 2060 quum
632 2005 777 2042 concursus
786 1987 878 2040 multi-

62 2063 172 2118 tudinis
192 2062 276 2116 lactus
296 2071 371 2126 esset,
389 2064 461 2135 petit,
478 2071 508 2117 ut
520 2071 683 2134 postremum
699 2062 751 2116 sibi
769 2061 877 2132 adloqui

60 2139 215 2193 exercitum
226 2136 322 2191 liceret.

119 2214 184 2268 Car.
206 2213 249 2267 1v.
270 2213 362 2266 lassus
381 2212 414 2266 ab
434 2212 566 2267 universis
581 2212 675 2276 dicere,
695 2211 760 2264 lacto
775 2209 878 2266 silentio

60 2287 221 2360 laxatisque
235 2286 351 2341 vinculis
368 2287 504 2357 prolatam,
522 2289 589 2341 sicut
601 2295 655 2341 erat
667 2293 809 2349 catenatus,
821 2304 879 2340 ma-

58 2381 132 2416 num
152 2361 283 2417 ostendit:
308 2361 428 2425 Ceraitis,
446 2367 551 2426 milites,
568 2361 663 2432 iuquit,
676 2365 878 2430 liabitumatque

56 2447 225 2493 ornamenta
235 2440 310 2491 ducis
318 2440 406 2500 uestri,
419 2441 558 2505 quaemihi
571 2441 879 2505 noulostiumquisquam

54 2517 209 2580 imposuit:
228 2529 290 2566 nam
304 2515 351 2565 lior
364 2517 441 2564 etiam
451 2515 545 2566 solatio
556 2518 637 2579 soret:
647 2529 741 2564 cosme
751 2529 785 2565 aa
796 2515 878 2563 vieto-

6 2637 7 2640 ,
53 2605 88 2640 re
102 2593 217 2651 vietum,
229 2604 274 2642 aas
283 2603 323 2640 me
332 2603 366 2640 ea
375 2591 530 2654 imperatore
541 2591 671 2654 captiuum
679 2590 791 2654 feristis·
812 2600 879 2650 qua-

6 2663 18 2742 ³3
49 2671 101 2716 ter
119 2668 202 2719 intra
216 2667 284 2718 lanc
298 2679 395 2716 annam
409 2665 437 2716 iu
448 2681 506 2716 mea
515 2665 594 2716 uerba
603 2663 774 2714 iureiurando
783 2659 878 2710 obstri-
