2016 3028
118 189 169 242 268
354 193 503 238 IUSTINI
520 189 677 236 HISTOR.

118 294 295 366 prodessent,
308 301 434 366 rogantur
442 293 519 347 etiam
529 290 622 347 Graeci
631 289 746 360 hospites
755 287 787 343 ad
797 288 922 343 convivi-

120 386 177 423 um.
207 367 355 422 Introdueta
367 367 461 422 deinde
475 367 558 441 virgo,
573 382 660 438 quum
674 364 807 418 iuberetur
820 373 922 434 epatre

119 459 216 513 aquam
229 441 362 514 porrigere
375 441 408 506 ei,
424 458 503 512 quem
516 441 602 495 virum
612 439 726 512 eligeret,
737 447 801 494 tuno
811 441 922 493 omissis

118 515 243 570 omuibus
262 514 295 569 ad
314 516 426 570 Graecos
444 532 567 570 conversa
585 533 680 587 aquarn
700 515 770 569 Proti
791 515 918 586 porrigit:

119 590 167 662 qui
186 589 270 644 iaetus
290 607 324 644 ex
338 590 439 661 hospite
456 607 536 662 gener
549 589 634 644 looum
650 588 799 643 oondendae
814 589 891 642 urbis
905 608 920 643 a

119 682 206 721 socero
220 667 326 737 aceepit.
357 664 466 720 Condita
480 664 561 737 igitur
576 662 690 720 Massilia
706 670 745 718 est
758 681 839 734 prope
851 665 921 718 ostia

119 740 340 805 Rhodaniamnis
356 740 385 794 iu
398 747 496 794 remoto
506 739 576 803 sinn,
589 738 671 794 veluti
681 739 710 792 in
719 737 817 810 angulo
828 739 920 793 uraris.

119 814 170 870 Sed
185 815 295 888 Ligures
306 814 471 868 incrementis
482 813 556 867 urbis
567 812 714 868 invidentes
724 812 835 867 Graeoos
847 813 921 867 adsi-

120 890 180 946 duis
191 889 267 944 beiiis
277 888 432 962 fatigabant;
449 888 496 959 qui
508 887 622 959 pericula
631 886 810 959 propulsando
822 887 850 942 iu
861 896 921 942 tan-

118 971 177 1019 tum
186 965 345 1027 enituerunt,
358 971 388 1017 ut
396 963 472 1016 vietis
481 962 601 1016 hostibus
612 963 639 1018 in
649 963 759 1033 captivis
768 962 840 1036 agris
845 961 920 1017 mui-

120 1048 159 1094 tas
171 1037 285 1094 uolonias
295 1038 488 1094 constituerent.

175 1113 243 1168 Cur.
264 1115 308 1167 IV.
329 1113 370 1166 Ab
387 1112 429 1166 his
444 1112 523 1184 igitur
538 1109 608 1164 Galli
620 1118 645 1164 et
659 1128 738 1164 usum
749 1110 921 1166 vitaeouitio-

120 1189 166 1250 ris,
178 1187 294 1256 deposita
303 1194 328 1240 et
337 1185 513 1241 mansuefacta
523 1185 650 1248 barbaria,
661 1193 687 1240 et
695 1202 822 1258 agrorum
832 1186 922 1241 cuitus

119 1268 144 1314 et
153 1261 231 1314 urbes
242 1260 379 1314 moenibus
389 1260 493 1334 cingere
502 1259 656 1315 didicerunt.
684 1261 760 1314 Tune
769 1268 794 1314 et
805 1259 919 1333 legibus,

121 1351 174 1389 nou
193 1334 273 1388 armis
293 1334 394 1404 vivere;
415 1343 479 1390 tuno
496 1342 522 1390 et
536 1335 616 1392 vitem
630 1343 729 1408 putare,
745 1341 809 1390 tuno
820 1336 922 1390 olivam

119 1425 203 1464 serere
218 1417 422 1465 oonsueverunt:
444 1410 561 1484 adeoque
574 1411 687 1485 magnus
695 1416 721 1465 et
730 1409 887 1466 hominibus
896 1419 922 1466 et

120 1484 199 1540 rebus
218 1484 356 1557 impositus
374 1493 413 1539 est
434 1487 512 1551 nitor,
528 1493 559 1541 ut
572 1502 624 1540 nou
639 1485 746 1540 Graecia
759 1485 788 1539 in
804 1485 920 1540 Galliam

119 1560 270 1634 emigrasse,
287 1559 333 1614 sed
347 1559 431 1615 Gallia
444 1561 472 1614 iu
486 1560 622 1615 Graeciam
636 1558 758 1614 translata
775 1559 920 1615 videretur.

119 1637 222 1691 Mortuo
240 1652 300 1708 rege
318 1637 412 1692 Nauna
426 1634 648 1710 Segobrigiorum,
664 1651 679 1688 a
692 1651 746 1706 quo
759 1633 833 1688 loeus
847 1651 922 1690 aeos-

119 1717 182 1781 ptus
204 1709 353 1765 condendae
376 1711 450 1765 urbis
469 1709 560 1775 fuerat,
579 1725 666 1780 quum
683 1725 764 1782 regno
779 1707 922 1765 filiuseius

120 1785 253 1840 Cumanus
259 1785 433 1850 suooessisset,
440 1782 689 1857 adfirmanteregulo
698 1781 922 1855 quodamma-

119 1864 202 1928 doque
210 1859 358 1915 Massiliam
367 1865 448 1916 eaitr'o
456 1861 683 1928 finitiruiepoputr's
692 1863 818 1928 laturam,
829 1865 923 1928 oppri-

119 1937 286 2002 mendamque
296 1937 920 2002 inipsoarta‚uemoaoattdtortpaumobrueret.

120 2007 256 2063 Subueotit
273 2015 299 2062 et
317 2006 390 2062 illam
408 2007 538 2063 fabulam:
563 2007 657 2064 Canem
678 2011 821 2078 aliquando
835 2019 922 2078 partu

120 2087 257 2153 providam
272 2085 355 2138 laeum
363 2091 493 2152 apostare
501 2087 623 2151 precario
629 2087 733 2150 petisse,
743 2088 772 2139 iu
782 2101 831 2153 quo
838 2101 922 2152 pore-

120 2169 174 2214 ret:
192 2177 243 2228 quo
252 2161 350 2212 obtento
360 2163 454 2212 iterato
460 2162 562 2226 petisse,
573 2167 603 2211 at
612 2161 663 2211 sibi
674 2162 785 2212 edaoare
795 2162 881 2212 eadere
890 2165 922 2213 ἐκ

121 2238 177 2288 toea
190 2237 289 2288 catulos
304 2237 406 2288 liceret:
429 2237 465 2287 act
474 2242 632 2301 postremum
644 2234 743 2286 adultis
759 2236 854 2287 ootatta
866 2237 924 2302 {ut-

122 2318 175 2362 tam
184 2313 321 2362 darnestioo
327 2312 461 2376 praesidio
470 2312 656 2376 proprietatem
666 2309 717 2362 toci
726 2310 778 2361 sibi
787 2311 925 2362 oiadr'aae-

120 2399 157 2435 aa.
187 2382 246 2436 Non
260 2385 338 2436 aliter
346 2383 530 2444 Massilienses,
541 2385 587 2450 qai
595 2399 664 2435 auno
677 2385 802 2451 inquiunt
812 2386 925 2436 videan-

123 2463 174 2516 tur,
191 2459 343 2522 quaudoque
356 2460 479 2511 domiaae
487 2461 620 2524 reqionum
628 2460 739 2525 loturos.
772 2455 926 2510 Hisineita-

122 2535 164 2578 tus
178 2543 225 2579 rex
234 2527 343 2580 insidias
353 2528 562 2584 Massiliensibus
574 2529 688 2584 instruit.
708 2531 799 2602 ltaque
809 2529 924 2584 solemni

121 2597 294 2676 'Floraliorum
308 2598 351 2652 die
365 2602 462 2656 multos
475 2601 554 2656 fortes
564 2621 594 2657 ao
603 2611 723 2658 strenuos
733 2605 804 2660 viros
814 2603 925 2675 hospitii

119 2683 177 2719 rure
186 2669 214 2720 in
225 2671 317 2723 urbem
329 2673 412 2741 misit;
433 2674 523 2744 plures
531 2676 639 2747 soirpeis
653 2676 761 2733 latentes
770 2677 926 2734 frondibus·
