2022 3010
356 205 425 248 LIB.
445 204 478 248 11.
510 203 587 248 CAP.
609 203 632 249 2.
862 199 898 251 45

91 315 115 360 to
130 305 233 372 Scythis
249 310 284 359 sit
294 308 392 360 eoelum
401 310 529 372 asperius,
544 321 623 372 quom
631 303 771 372 Aeppptiis,
789 311 861 358 tanto
871 315 895 358 et

91 397 202 446 corpora
211 387 235 432 et
244 385 350 448 inpenia
359 384 541 433 essedurr'ora.
564 377 898 448 Ceterumsimundi,qnae

89 471 159 508 nnnc
174 461 265 521 partes
283 463 357 518 sunt,
377 456 519 522 aliqnando
536 457 624 506 unitas
637 458 701 521 tuin·
721 457 775 506 siue
792 457 898 508 itinn-ies

90 545 222 596 aquarum
235 533 369 596 principio
387 545 476 581 rerum
496 536 581 580 terras
599 531 706 581 obrutos
722 531 816 580 tenuit:
841 533 897 582 siue

89 608 167 671 ipnis,
179 606 226 670 qni
235 611 260 656 et
269 607 391 656 mundum
401 605 497 670 pennit,
510 610 604 654 anneta
610 606 725 668 possedit
729 621 739 668 ;
758 607 897 670 utriusque

88 680 231 746 prirnordii
243 676 353 745 Sopttras
369 681 468 744 oripine
478 683 625 743 praestare.
647 676 716 730 Nam
726 679 750 729 si
759 681 827 743 ipuis
835 680 896 743 pri·

90 753 135 804 'ma
140 755 269 818 possessio
278 767 366 804 rerum
375 755 434 819 suit,
450 755 496 818 qui
502 752 633 816 paulatim
644 755 796 812 exstinctus,
811 754 896 803 sedem

93 829 264 892 terristtedit5
284 829 476 891 nuttamprius,
494 841 573 892 qnam
582 823 897 891 Septentrionotenrpar-

93 909 150 960 tem,
165 901 255 952 hiemis
269 903 357 967 ripere
370 903 404 952 ab
421 903 481 966 iane
490 906 623 960 secretam,
640 901 704 952 adeo
713 907 742 951 nt
751 915 820 951 renna
831 915 898 966 qno·

92 989 142 1042 qno
154 976 228 1026 nnita
241 978 324 1041 mapis
337 978 422 1041 ripeat
436 975 585 1041 triportinus,
600 972 742 1041 Aeppptum
751 990 813 1026 oero
822 982 846 1026 et
857 981 897 1026 to-

93 1057 147 1100 turn
158 1046 287 1100 Orientem
298 1050 445 1101 tardissime
458 1055 639 1114 temperatum:
659 1051 752 1115 quippe
762 1053 807 1116 qni
818 1053 897 1102 etiam

91 1139 161 1174 nuno
174 1127 283 1176 torrenti
288 1125 375 1176 ootore
384 1125 447 1175 sotis
457 1129 597 1175 exaestuet.
620 1121 897 1191 Quodstomnesquon-

92 1199 153 1249 dam
164 1203 250 1250 terrae
258 1199 405 1250 submersae
410 1199 541 1264 profundo
549 1200 669 1264 suerunt·
676 1202 794 1265 profecto
804 1202 896 1251 editis-

90 1275 184 1323 simam
194 1287 321 1338 auomqae
327 1278 430 1337 partem
440 1273 635 1324 decurrent-ibus
647 1274 724 1340 aqrris
730 1276 897 1338 primumde-

91 1352 195 1406 testam,
209 1347 352 1398 humillimo
366 1347 519 1400 autem-soto
528 1348 634 1398 eandem
646 1363 742 1414 aquam
752 1350 897 1400 diutissime

90 1423 271 1472 immutatam:
295 1427 320 1472 et
339 1427 436 1487 quanto
452 1423 529 1486 prior
548 1437 662 1488 maeque
678 1437 744 1486 pars
764 1429 897 1474 terrorum

90 1497 193 1546 sioaata
215 1498 262 1556 sit,
288 1502 359 1547 tanto
380 1497 458 1560 prins
479 1497 608 1547 animatia
629 1511 753 1561 penorare
775 1501 895 1561 coepisse.

91 1569 174 1621 Porro
187 1565 320 1636 Scythiam
333 1572 398 1622 adeo
412 1571 545 1622 editiorem
559 1571 675 1620 omnibus
690 1573 767 1620 terris
782 1585 848 1630 esse,
867 1577 897 1622 nt

91 1651 186 1696 annoto
196 1646 305 1708 numina
313 1645 350 1696 ibi
359 1652 430 1705 nato,
446 1647 475 1696 in
482 1643 613 1703 Maeotim,
626 1650 679 1695 tum
690 1646 780 1696 deinde
790 1647 819 1696 in
829 1643 897 1696 Pon-

91 1722 172 1771 ticum
185 1725 210 1771 et
223 1717 375 1785 Aeppptium
389 1714 462 1772 mare
475 1721 628 1783 decurrant,
650 1716 792 1784 Aeppptum
800 1727 895 1780 nutem

91 1809 159 1860 quae
173 1800 210 1846 tot
223 1809 321 1860 repum,
337 1799 373 1846 tot
386 1795 532 1846 secutorum
542 1809 607 1846 onro
621 1795 786 1860 impensaque
795 1798 897 1846 munita

89 1870 135 1929 sit,
147 1875 171 1918 et
182 1871 321 1920 aduersum
330 1871 382 1919 vim
391 1871 581 1921 incurrentium
590 1883 721 1934 aquaram
732 1872 811 1921 tantis
824 1876 897 1921 stru-

91 1949 135 1994 eta
141 1944 259 2004 motibus,
272 1947 308 1994 tot
320 1944 398 2006 [ossis
407 1947 545 2004 conscissa,
556 1950 593 2004 nt,
606 1957 684 2008 quum
693 1945 733 1994 tris
743 1950 894 2004 arceantur,

88 2019 147 2069 iuis
162 2019 325 2084 recipiantur
339 2033 435 2084 aquae,
456 2018 624 2069 nihilominus
638 2019 700 2079 ooti,
724 2020 777 2070 nisi
790 2019 897 2070 enotuso

88 2091 163 2151 Nilo,
179 2107 231 2144 non
242 2095 371 2166 potuerim
385 2106 438 2144 non
448 2107 523 2156 posse
538 2093 621 2144 videri
631 2093 762 2144 nominum
771 2099 898 2144 uetustate

86 2168 223 2228 ultimam,
239 2169 372 2232 quaestor
386 2181 420 2218 ea
436 2167 646 2232 apperationtons
659 2182 756 2232 repam,
771 2168 826 2218 sine
840 2165 897 2219 Nili

88 2243 219 2294 trahentis
234 2243 334 2301 timum,
356 2248 486 2293 terrarum
504 2243 682 2294 recentissima
698 2243 829 2292 rideatur.
850 2239 897 2292 His

87 2315 173 2386 igitur
184 2313 346 2386 argumentis
356 2315 485 2385 superatis
495 2312 641 2387 Aegyptiis,
653 2313 814 2385 antiquiores
827 2331 898 2367 sem-

83 2389 329 2462 perScythaevisi.

144 2463 215 2518 Cur.
235 2465 269 2518 ΙΙ,
291 2463 398 2536 Scythia
414 2469 514 2526 nutem,
531 2462 559 2516 in
573 2461 699 2518 orientem
713 2471 838 2534 porrecta,
856 2463 898 2514 in-

86 2538 207 2594 cluditur
216 2539 250 2594 nb
260 2556 315 2594 nno
329 2539 407 2593 latere
417 2539 506 2601 Ponto,
522 2545 548 2591 et
558 2538 590 2591 nh
600 2537 678 2592 altero
688 2537 822 2591 montibus
832 2535 898 2587 Rhi-

86 2615 173 2685 pneis‚
191 2633 205 2669 a
221 2622 293 2688 tergo
303 2613 365 2668 Asia
375 2621 399 2666 et
408 2613 486 2666 Phasi
497 2610 616 2666 flumine.
646 2611 761 2666 Multum
774 2611 802 2662 in
812 2607 898 2688 longiss

86 2689 213 2744 tudinem
227 2698 252 2745 et
266 2687 431 2743 latitudinem
446 2693 526 2758 patet.
546 2685 704 2741 Hominibus
715 2684 781 2736 inter
791 2698 819 2734 se
829 2678 897 2732 nuth
