2014 3000
354 117 425 192 ina.
446 149 468 193 1.
499 149 580 196 cnr.
601 151 646 196 a·
727 151 728 154 ¹
874 142 892 194 7

83 247 178 302 iussus
194 253 243 310 est,
260 246 306 300 scd
319 247 507 317 praemonitus,
522 256 552 302 ut
566 248 774 320 quamprimum
789 255 891 320 postera

82 323 130 376 die
143 322 256 377 obvium
270 321 413 386 habuisset,
429 323 530 377 socium
540 323 636 394 coeptis
649 324 807 377 adsumeret.
838 323 892 396 lgi-

82 405 130 451 tur
145 395 301 450 antelucano
314 403 429 466 tempore
443 397 499 450 ruri
509 397 556 451 iter
566 397 710 470 ingressus,
723 397 833 452 obvium
843 398 893 452 ha-

85 471 146 526 buit
159 488 267 524 servum
283 470 315 523 de
330 469 461 542 ergastulo
473 471 612 526 cuiusdam
626 472 704 536 Medi,
721 473 827 526 nominc
840 472 891 545 Sy-

86 546 189 600 barem.
220 545 306 598 Huius
321 545 447 615 requisita
460 545 570 618 origine,
587 545 659 600 utin
674 546 759 600 Parsis
769 547 890 618 genitum

83 620 199 684 audivit,
213 618 307 672 demtis
317 619 498 688 compedibus,
510 631 681 692 assumtoque
690 621 793 683 comite,
801 622 892 674 Perse-

86 693 170 765 polim
186 693 343 765 regreditur.
376 693 417 746 Ihi
429 703 569 748 convocato
583 694 694 765 populo,
712 694 784 748 iubet
798 712 890 749 omnes

86 775 261 840 praesiccam
274 759 411 821 securibvls
421 776 519 834 esse,et
527 768 624 822 silvam
634 769 692 822 viae
702 769 890 823 circumdatam

83 842 217 896 excidero.
250 841 327 908 Quod
336 859 421 913 quum
433 850 537 898 strenue
547 842 677 908 fecissent,
689 842 795 897 eosdem
804 851 891 913 poste-

85 935 114 970 ra
124 917 169 971 die
179 917 310 987 apparatis
321 917 406 988 epulis
414 917 517 972 invitat.
538 918 645 983 Deinde,
656 935 742 989 quum
754 917 890 972 alacriores

84 992 144 1062 ipsc
153 991 276 1046 convivio
286 990 365 1044 iactos
378 991 485 1056 videret,
497 1000 578 1065 rogat,
593 999 619 1047 si
632 997 744 1048 conditio
757 1011 890 1062 propono·

84 1076 143 1130 tur,
168 1071 256 1120 utrina
276 1071 346 1120 vitoe
363 1075 457 1120 sortem
475 1070 573 1136 tenant,
593 1071 705 1122 hesterni
723 1071 833 1132 laboris,
854 1087 890 1122 on

83 1145 263 1208 praesentium
286 1138 441 1208 apulorum?
461 1146 638 1208 praesentium
659 1149 689 1195 ut
715 1141 889 1196 acclamavere

82 1232 188 1278 omnes,
200 1213 251 1268 ait:
273 1217 389 1268 hesterno
402 1219 511 1269 similem
521 1220 606 1270 labori
615 1234 712 1270 omnem
722 1220 803 1270 citam
812 1226 889 1271 octn-

84 1307 138 1352 νοε,
154 1293 240 1358 quood
252 1289 336 1344 Media
348 1298 474 1356 parcunt:
493 1307 520 1343 ac
533 1300 641 1354 secutor,
655 1295 786 1345 hodiernis
795 1295 887 1359 apulia.

85 1363 173 1417 Laetis
182 1362 317 1427 omnibus,
332 1362 415 1416 Medis
429 1363 530 1417 bellum
544 1363 631 1418 insert.
661 1365 789 1437 Astyages
803 1365 889 1418 meriti

83 1438 128 1490 sui
139 1438 168 1491 in
179 1438 330 1510 Harpagum
339 1437 446 1502 oblitus,
458 1456 591 1493 summam
600 1437 662 1492 belli
673 1439 758 1492 eidem
768 1439 885 1493 commit

83 1513 125 1566 tit.
137 1511 190 1576 Qui
200 1511 344 1565 exercitum
353 1520 487 1582 acceptum
497 1514 584 1567 statim
594 1513 663 1584 Cyro
672 1530 718 1581 per
730 1511 888 1565 deditionem

85 1585 201 1650 tradidit,
214 1585 337 1658 regisque
347 1585 526 1640 crudelitatem
539 1586 648 1656 perfidia
662 1584 812 1639 delectionis
823 1585 887 1638 ulci-

83 1661 177 1714 scitur.
211 1659 288 1726 Quod
298 1660 346 1714 ubi
356 1659 485 1734 Astyages
494 1660 604 1724 audivit,
621 1657 758 1713 contractis
769 1658 889 1732 undique

82 1735 202 1799 auxiliis,
216 1734 273 1805 ipsc
284 1735 313 1788 in
323 1735 414 1788 Persas
424 1734 610 1805 proficiscitur:
623 1741 648 1788 et
660 1735 767 1805 repetito
776 1733 889 1788 alacrius

83 1809 240 1873 certamine,
256 1809 438 1881 pugnantibus
452 1809 518 1874 suis,
534 1817 634 1880 partem
649 1810 777 1863 exercitus
792 1816 889 1882 atergo

84 1884 167 1954 ponit,
180 1891 205 1937 et
219 1883 421 1956 tergiversantes
431 1882 498 1938 ferro
507 1885 550 1956 agi
561 1885 587 1937 in
598 1884 685 1938 hostes
696 1884 782 1938 iubet:
804 1901 834 1938 ac
842 1883 887 1938 de·

85 1959 191 2012 nuntiat
205 1958 272 2021 suis,
288 1962 318 2012 ni
333 1962 472 2021 vincerent,
488 1963 640 2012 conminus
653 1965 734 2028 sortes
745 1967 803 2026 post
815 1967 887 2027 terno

83 2038 245 2096 inventuros,
265 2049 370 2100 quamn
384 2035 521 2099 frontibus,
535 2037 621 2086 ciros:
642 2037 752 2100 proinde
773 2037 886 2096 videant,

9 2153 13 2160 .
82 2109 887 2175 sapientibushaconaillnpnpnantibnanciasrnnrpcndca't.

83 2182 191 2253 Ingena,
209 2187 268 2250 post
286 2180 464 2233 necessitatem
479 2173 627 2253 pugnandi,
643 2179 749 2233 animus
762 2179 886 2234 exercitui

80 2255 141 2308 cius
151 2255 270 2308 accessit.
299 2253 378 2308 Pulsa
389 2254 476 2325 itaque
485 2272 571 2324 quum
582 2255 720 2308 Persarum
734 2253 801 2308 acics
811 2253 888 2326 paul-

82 2315 158 2382 latim
173 2327 288 2392 cederet,
310 2335 405 2382 matres
423 2336 448 2381 et
461 2345 556 2382 uxores
571 2345 662 2382 eorum
677 2329 783 2382 obviam
797 2346 888 2383 occur-

81 2409 160 2468 runt3
186 2411 271 2466 orant,
294 2401 322 2455 in
342 2401 472 2474 proelium
489 2409 666 2456 revertantur:
690 2403 886 2465 cunctantibus

81 2476 188 2532 sublata
208 2485 288 2541 vesta,
309 2476 436 2530 obscoena
450 2476 566 2546 corporis
579 2475 734 2541 ostendunt,
756 2483 886 2547 rogantes,

82 2569 146 2606 num
156 2556 186 2605 in
194 2561 282 2606 uterm
292 2560 405 2604 matrum
416 2554 457 2605 vel
466 2569 580 2604 ainornm
589 2553 668 2604 veiint
678 2547 816 2620 resapere?
835 2549 889 2598 Hac

82 2625 198 2696 repressi
212 2625 381 2698 castigatione
395 2625 423 2678 in
437 2624 567 2696 proelium
583 2623 706 2678 redeunt:
727 2620 826 2676 attacta
837 2619 889 2670 im-
