<?xml version="1.0" encoding="UTF-8"?>
<!DOCTYPE html PUBLIC "-//W3C//DTD XHTML 1.0 Transitional//EN"
    "http://www.w3.org/TR/xhtml1/DTD/xhtml1-transitional.dtd">
<html xmlns="http://www.w3.org/1999/xhtml" xml:lang="en" lang="en">
 <head>
  <title>
</title>
<meta http-equiv="Content-Type" content="text/html;charset=utf-8" />
  <meta name='ocr-system' content='tesseract 3.04.00' />
  <meta name='ocr-capabilities' content='ocr_page ocr_carea ocr_par ocr_line ocrx_word'/>
</head>
<body>
  <div class='ocr_page' id='page_1' title='image "./justinihistoria00justgoog_0042.png"; bbox 0 0 2022 3010; ppageno 0'>
   <div class='ocr_carea' id='block_1_1' title="bbox 365 185 944 250">
    <p class='ocr_par' dir='ltr' id='par_1_1' title="bbox 365 185 944 250">
     <span class='ocr_line' id='line_1_1' title="bbox 365 185 944 250; baseline 0.005 -18"><span class='ocrx_word' id='word_1_1' title='bbox 365 187 436 233; x_wconf 84' lang='lat' dir='ltr'><strong>LIB.</strong></span> <span class='ocrx_word' id='word_1_2' title='bbox 456 189 489 233; x_wconf 90' lang='lat'><strong>11.</strong></span> <span class='ocrx_word' id='word_1_3' title='bbox 512 188 592 234; x_wconf 77' lang='lat' dir='ltr'><strong>cae.</strong></span> <span class='ocrx_word' id='word_1_4' title='bbox 613 189 656 232; x_wconf 85' lang='lat'><strong>12.</strong></span> <span class='ocrx_word' id='word_1_5' title='bbox 878 185 911 235; x_wconf 69' lang='grc' dir='ltr'><strong>ιε)</strong></span> <span class='ocrx_word' id='word_1_6' title='bbox 941 243 944 250; x_wconf 46' lang='grc'><strong>,</strong></span> 
     </span>
    </p>
   </div>
   <div class='ocr_carea' id='block_1_2' title="bbox 68 286 914 2662">
    <p class='ocr_par' dir='ltr' id='par_1_2' title="bbox 68 286 914 2662">
     <span class='ocr_line' id='line_1_2' title="bbox 105 286 914 359; baseline 0 -17"><span class='ocrx_word' id='word_1_7' title='bbox 105 296 132 342; x_wconf 89' lang='lat' dir='ltr'><strong>et</strong></span> <span class='ocrx_word' id='word_1_8' title='bbox 142 286 259 342; x_wconf 80' lang='lat' dir='ltr'>Athenas</span> <span class='ocrx_word' id='word_1_9' title='bbox 269 301 366 341; x_wconf 87' lang='lat' dir='ltr'><strong>vacuas</strong></span> <span class='ocrx_word' id='word_1_10' title='bbox 375 287 529 341; x_wconf 91' lang='lat' dir='ltr'><strong>hominibus</strong></span> <span class='ocrx_word' id='word_1_11' title='bbox 540 288 668 356; x_wconf 76' lang='lat' dir='ltr'><strong>incendit,</strong></span> <span class='ocrx_word' id='word_1_12' title='bbox 690 296 714 342; x_wconf 89' lang='lat' dir='ltr'><strong>et</strong></span> <span class='ocrx_word' id='word_1_13' title='bbox 723 287 850 359; x_wconf 90' lang='lat' dir='ltr'><strong>quoniam</strong></span> <span class='ocrx_word' id='word_1_14' title='bbox 861 286 914 342; x_wconf 85' lang='lat' dir='ltr'><strong>fer-</strong></span> 
     </span>
     <span class='ocr_line' id='line_1_3' title="bbox 107 361 910 436; baseline 0.001 -21"><span class='ocrx_word' id='word_1_15' title='bbox 107 379 137 416; x_wconf 94' lang='lat' dir='ltr'><strong>ro</strong></span> <span class='ocrx_word' id='word_1_16' title='bbox 151 381 180 416; x_wconf 91' lang='lat' dir='ltr'><strong>m</strong></span> <span class='ocrx_word' id='word_1_17' title='bbox 196 361 316 415; x_wconf 85' lang='lat' dir='ltr'><strong>homiues</strong></span> <span class='ocrx_word' id='word_1_18' title='bbox 331 379 383 416; x_wconf 92' lang='lat' dir='ltr'><strong>non</strong></span> <span class='ocrx_word' id='word_1_19' title='bbox 397 370 503 433; x_wconf 84' lang='lat' dir='ltr'><strong>poterat,</strong></span> <span class='ocrx_word' id='word_1_20' title='bbox 520 364 548 416; x_wconf 92' lang='lat' dir='ltr'><strong>in</strong></span> <span class='ocrx_word' id='word_1_21' title='bbox 565 363 682 417; x_wconf 88' lang='lat' dir='ltr'><strong>aedilicia</strong></span> <span class='ocrx_word' id='word_1_22' title='bbox 695 364 756 436; x_wconf 84' lang='lat' dir='ltr'>igne</span> <span class='ocrx_word' id='word_1_23' title='bbox 766 370 910 434; x_wconf 79' lang='lat' dir='ltr'><strong>grassatur.</strong></span> 
     </span>
     <span class='ocr_line' id='line_1_4' title="bbox 107 435 913 510; baseline 0.001 -21"><span class='ocrx_word' id='word_1_24' title='bbox 107 439 231 507; x_wconf 78' lang='lat' dir='ltr'>Namque</span> <span class='ocrx_word' id='word_1_25' title='bbox 245 435 416 490; x_wconf 80' lang='lat' dir='ltr'><strong>Athenienses</strong></span> <span class='ocrx_word' id='word_1_26' title='bbox 431 445 489 508; x_wconf 91' lang='lat' dir='ltr'><strong>post</strong></span> <span class='ocrx_word' id='word_1_27' title='bbox 498 453 616 510; x_wconf 84' lang='lat' dir='ltr'><strong>pugnam</strong></span> <span class='ocrx_word' id='word_1_28' title='bbox 626 438 825 501; x_wconf 78' lang='lat' dir='ltr'><strong>Marathoniam,</strong></span> <span class='ocrx_word' id='word_1_29' title='bbox 839 453 913 507; x_wconf 82' lang='lat' dir='ltr'><strong>prae·</strong></span> 
     </span>
     <span class='ocr_line' id='line_1_5' title="bbox 107 509 913 575; baseline 0 -11"><span class='ocrx_word' id='word_1_30' title='bbox 107 517 232 564; x_wconf 90' lang='lat' dir='ltr'><strong>monente</strong></span> <span class='ocrx_word' id='word_1_31' title='bbox 245 509 426 575; x_wconf 79' lang='lat' dir='ltr'>Themistocle,</span> <span class='ocrx_word' id='word_1_32' title='bbox 446 511 581 565; x_wconf 86' lang='lat' dir='ltr'><strong>victoriam</strong></span> <span class='ocrx_word' id='word_1_33' title='bbox 595 512 667 566; x_wconf 91' lang='lat' dir='ltr'><strong>illam</strong></span> <span class='ocrx_word' id='word_1_34' title='bbox 678 512 710 566; x_wconf 91' lang='lat' dir='ltr'><strong>de</strong></span> <span class='ocrx_word' id='word_1_35' title='bbox 720 511 805 566; x_wconf 89' lang='lat' dir='ltr'><strong>Persis</strong></span> <span class='ocrx_word' id='word_1_36' title='bbox 816 527 868 565; x_wconf 89' lang='lat' dir='ltr'><strong>nou</strong></span> <span class='ocrx_word' id='word_1_37' title='bbox 881 511 913 564; x_wconf 86' lang='lat' dir='ltr'><strong>fi-</strong></span> 
     </span>
     <span class='ocr_line' id='line_1_6' title="bbox 108 584 913 650; baseline 0 -12"><span class='ocrx_word' id='word_1_38' title='bbox 108 602 181 649; x_wconf 88' lang='lat' dir='ltr'><strong>nem,</strong></span> <span class='ocrx_word' id='word_1_39' title='bbox 199 584 245 638; x_wconf 90' lang='lat' dir='ltr'><strong>sed</strong></span> <span class='ocrx_word' id='word_1_40' title='bbox 254 601 360 638; x_wconf 90' lang='lat' dir='ltr'><strong>causam</strong></span> <span class='ocrx_word' id='word_1_41' title='bbox 372 585 478 640; x_wconf 88' lang='lat' dir='ltr'><strong>maioris</strong></span> <span class='ocrx_word' id='word_1_42' title='bbox 488 585 549 639; x_wconf 92' lang='lat' dir='ltr'><strong>belli</strong></span> <span class='ocrx_word' id='word_1_43' title='bbox 560 585 622 650; x_wconf 89' lang='lat' dir='ltr'><strong>lore,</strong></span> <span class='ocrx_word' id='word_1_44' title='bbox 637 605 666 641; x_wconf 88' lang='lat' dir='ltr'><strong>cc</strong></span> <span class='ocrx_word' id='word_1_45' title='bbox 678 604 759 640; x_wconf 85' lang='lat' dir='ltr'><strong>naves</strong></span> <span class='ocrx_word' id='word_1_46' title='bbox 768 585 913 640; x_wconf 76' lang='lat' dir='ltr'><strong>fabricave-</strong></span> 
     </span>
     <span class='ocr_line' id='line_1_7' title="bbox 108 658 912 732; baseline 0.002 -20"><span class='ocrx_word' id='word_1_47' title='bbox 108 667 177 712; x_wconf 84' lang='lat' dir='ltr'><strong>rant.</strong></span> <span class='ocrx_word' id='word_1_48' title='bbox 202 658 364 714; x_wconf 71' lang='lat' dir='ltr'><strong>Adventante</strong></span> <span class='ocrx_word' id='word_1_49' title='bbox 382 661 464 732; x_wconf 84' lang='lat' dir='ltr'><strong>igitur</strong></span> <span class='ocrx_word' id='word_1_50' title='bbox 478 661 574 724; x_wconf 85' lang='lat' dir='ltr'><strong>Xerxe,</strong></span> <span class='ocrx_word' id='word_1_51' title='bbox 592 660 789 714; x_wconf 89' lang='lat' dir='ltr'><strong>oonsulentibus</strong></span> <span class='ocrx_word' id='word_1_52' title='bbox 803 659 912 730; x_wconf 86' lang='lat' dir='ltr'><strong>Delphis</strong></span> 
     </span>
     <span class='ocr_line' id='line_1_8' title="bbox 107 733 913 805; baseline 0.001 -19"><span class='ocrx_word' id='word_1_53' title='bbox 107 733 256 798; x_wconf 88' lang='lat' dir='ltr'><strong>oraculum,</strong></span> <span class='ocrx_word' id='word_1_54' title='bbox 270 751 424 805; x_wconf 90' lang='lat' dir='ltr'><strong>responsum</strong></span> <span class='ocrx_word' id='word_1_55' title='bbox 438 733 535 788; x_wconf 81' lang='lat' dir='ltr'><strong>luerat:</strong></span> <span class='ocrx_word' id='word_1_56' title='bbox 548 735 664 790; x_wconf 78' lang='lat' dir='ltr'><strong>Salutem</strong></span> <span class='ocrx_word' id='word_1_57' title='bbox 675 739 758 788; x_wconf 78' lang='lat' dir='ltr'><strong>inuris</strong></span> <span class='ocrx_word' id='word_1_58' title='bbox 768 739 860 802; x_wconf 77' lang='lat' dir='ltr'><strong>lipueis</strong></span> <span class='ocrx_word' id='word_1_59' title='bbox 870 743 913 787; x_wconf 91' lang='lat' dir='ltr'><strong>tu-</strong></span> 
     </span>
     <span class='ocr_line' id='line_1_9' title="bbox 108 807 913 880; baseline 0 -18"><span class='ocrx_word' id='word_1_60' title='bbox 108 819 225 862; x_wconf 80' lang='lat' dir='ltr'><strong>erentur.</strong></span> <span class='ocrx_word' id='word_1_61' title='bbox 255 807 440 880; x_wconf 87' lang='lat' dir='ltr'><strong>Themistocles</strong></span> <span class='ocrx_word' id='word_1_62' title='bbox 455 809 565 863; x_wconf 89' lang='lat' dir='ltr'><strong>navium</strong></span> <span class='ocrx_word' id='word_1_63' title='bbox 575 807 913 879; x_wconf 63' lang='lat' dir='ltr'><strong>praesidium‘demonstra-</strong></span> 
     </span>
     <span class='ocr_line' id='line_1_10' title="bbox 107 882 911 954; baseline 0 -18"><span class='ocrx_word' id='word_1_64' title='bbox 107 891 168 937; x_wconf 89' lang='lat' dir='ltr'><strong>tum</strong></span> <span class='ocrx_word' id='word_1_65' title='bbox 180 890 262 947; x_wconf 86' lang='lat' dir='ltr'><strong>ratus,</strong></span> <span class='ocrx_word' id='word_1_66' title='bbox 273 882 412 954; x_wconf 85' lang='lat' dir='ltr'><strong>persuadet</strong></span> <span class='ocrx_word' id='word_1_67' title='bbox 423 884 557 948; x_wconf 77' lang='lat' dir='ltr'><strong>omnibuS,</strong></span> <span class='ocrx_word' id='word_1_68' title='bbox 570 885 688 938; x_wconf 81' lang='lat' dir='ltr'><strong>Patriam</strong></span> <span class='ocrx_word' id='word_1_69' title='bbox 697 887 839 950; x_wconf 78' lang='lat' dir='ltr'><strong>municipes</strong></span> <span class='ocrx_word' id='word_1_70' title='bbox 849 899 911 946; x_wconf 83' lang='lat' dir='ltr'><strong>esse,</strong></span> 
     </span>
     <span class='ocr_line' id='line_1_11' title="bbox 107 961 913 1028; baseline -0.001 -17"><span class='ocrx_word' id='word_1_71' title='bbox 107 975 163 1012; x_wconf 74' lang='lat' dir='ltr'><strong>riou</strong></span> <span class='ocrx_word' id='word_1_72' title='bbox 176 963 290 1026; x_wconf 84' lang='lat' dir='ltr'><strong>ataeniu;</strong></span> <span class='ocrx_word' id='word_1_73' title='bbox 311 963 489 1021; x_wconf 80' lang='lat' dir='ltr'><strong>civitatemque</strong></span> <span class='ocrx_word' id='word_1_74' title='bbox 508 976 560 1012; x_wconf 82' lang='lat' dir='ltr'><strong>aaa</strong></span> <span class='ocrx_word' id='word_1_75' title='bbox 577 964 605 1012; x_wconf 84' lang='lat' dir='ltr'><strong>iu</strong></span> <span class='ocrx_word' id='word_1_76' title='bbox 618 961 757 1028; x_wconf 82' lang='lat' dir='ltr'><strong>aedificiis,</strong></span> <span class='ocrx_word' id='word_1_77' title='bbox 772 961 817 1012; x_wconf 88' lang='lat' dir='ltr'><strong>sed</strong></span> <span class='ocrx_word' id='word_1_78' title='bbox 831 961 860 1011; x_wconf 85' lang='lat' dir='ltr'><strong>io</strong></span> <span class='ocrx_word' id='word_1_79' title='bbox 874 961 913 1011; x_wconf 86' lang='lat' dir='ltr'><strong>ci·</strong></span> 
     </span>
     <span class='ocr_line' id='line_1_12' title="bbox 107 1033 913 1101; baseline 0 -15"><span class='ocrx_word' id='word_1_80' title='bbox 107 1035 312 1098; x_wconf 84' lang='lat' dir='ltr'><strong>vibuspositam.</strong></span> <span class='ocrx_word' id='word_1_81' title='bbox 333 1033 768 1100; x_wconf 81' lang='lat' dir='ltr'><strong>Metiusitaquesatutemoucibus,</strong></span> <span class='ocrx_word' id='word_1_82' title='bbox 781 1050 913 1101; x_wconf 83' lang='lat' dir='ltr'><strong>quamar-</strong></span> 
     </span>
     <span class='ocr_line' id='line_1_13' title="bbox 68 1107 913 1172; baseline 0 -12"><span class='ocrx_word' id='word_1_83' title='bbox 68 1165 72 1172; x_wconf 62' lang='grc'>,</span> <span class='ocrx_word' id='word_1_84' title='bbox 108 1111 144 1170; x_wconf 87' lang='lat' dir='ltr'><strong>bi,</strong></span> <span class='ocrx_word' id='word_1_85' title='bbox 162 1111 348 1160; x_wconf 85' lang='lat' dir='ltr'><strong>commissuros.</strong></span> <span class='ocrx_word' id='word_1_86' title='bbox 378 1107 464 1160; x_wconf 82' lang='lat' dir='ltr'><strong>Huius</strong></span> <span class='ocrx_word' id='word_1_87' title='bbox 481 1113 621 1160; x_wconf 80' lang='lat' dir='ltr'><strong>sententiae</strong></span> <span class='ocrx_word' id='word_1_88' title='bbox 639 1112 716 1160; x_wconf 84' lang='lat' dir='ltr'><strong>etiam</strong></span> <span class='ocrx_word' id='word_1_89' title='bbox 731 1112 805 1160; x_wconf 84' lang='lat' dir='ltr'><strong>deaut</strong></span> <span class='ocrx_word' id='word_1_90' title='bbox 820 1116 913 1162; x_wconf 91' lang='lat' dir='ltr'><strong>aucto·</strong></span> 
     </span>
     <span class='ocr_line' id='line_1_14' title="bbox 108 1180 912 1253; baseline -0.001 -18"><span class='ocrx_word' id='word_1_91' title='bbox 108 1199 165 1235; x_wconf 87' lang='lat' dir='ltr'><strong>rem</strong></span> <span class='ocrx_word' id='word_1_92' title='bbox 180 1197 240 1234; x_wconf 85' lang='lat' dir='ltr'><strong>esse.</strong></span> <span class='ocrx_word' id='word_1_93' title='bbox 268 1180 378 1234; x_wconf 86' lang='lat' dir='ltr'><strong>Probata</strong></span> <span class='ocrx_word' id='word_1_94' title='bbox 390 1180 513 1244; x_wconf 90' lang='lat' dir='ltr'><strong>oonsilio,</strong></span> <span class='ocrx_word' id='word_1_95' title='bbox 529 1182 653 1252; x_wconf 80' lang='lat' dir='ltr'><strong>coniuges</strong></span> <span class='ocrx_word' id='word_1_96' title='bbox 668 1180 829 1253; x_wconf 88' lang='lat' dir='ltr'><strong>liberosque,</strong></span> <span class='ocrx_word' id='word_1_97' title='bbox 849 1198 912 1234; x_wconf 92' lang='lat' dir='ltr'><strong>cum</strong></span> 
     </span>
     <span class='ocr_line' id='line_1_15' title="bbox 108 1253 913 1327; baseline 0 -19"><span class='ocrx_word' id='word_1_98' title='bbox 108 1255 305 1327; x_wconf 82' lang='lat' dir='ltr'><strong>pretiosissimis</strong></span> <span class='ocrx_word' id='word_1_99' title='bbox 326 1255 414 1319; x_wconf 92' lang='lat' dir='ltr'><strong>rebus,</strong></span> <span class='ocrx_word' id='word_1_100' title='bbox 436 1253 531 1308; x_wconf 90' lang='lat' dir='ltr'><strong>abditis</strong></span> <span class='ocrx_word' id='word_1_101' title='bbox 550 1255 655 1320; x_wconf 88' lang='lat' dir='ltr'><strong>insulis,</strong></span> <span class='ocrx_word' id='word_1_102' title='bbox 675 1254 762 1309; x_wconf 85' lang='lat' dir='ltr'><strong>relicta</strong></span> <span class='ocrx_word' id='word_1_103' title='bbox 775 1255 850 1320; x_wconf 90' lang='lat' dir='ltr'><strong>urbe,</strong></span> <span class='ocrx_word' id='word_1_104' title='bbox 866 1257 913 1308; x_wconf 81' lang='lat' dir='ltr'><strong>de-</strong></span> 
     </span>
     <span class='ocr_line' id='line_1_16' title="bbox 107 1329 910 1400; baseline 0 -16"><span class='ocrx_word' id='word_1_105' title='bbox 107 1329 250 1384; x_wconf 88' lang='lat' dir='ltr'><strong>mandant:</strong></span> <span class='ocrx_word' id='word_1_106' title='bbox 272 1329 323 1400; x_wconf 92' lang='lat' dir='ltr'><strong>ipsi</strong></span> <span class='ocrx_word' id='word_1_107' title='bbox 333 1347 414 1384; x_wconf 90' lang='lat' dir='ltr'><strong>naves</strong></span> <span class='ocrx_word' id='word_1_108' title='bbox 424 1329 515 1382; x_wconf 87' lang='lat' dir='ltr'><strong>armati</strong></span> <span class='ocrx_word' id='word_1_109' title='bbox 529 1329 717 1384; x_wconf 88' lang='lat' dir='ltr'><strong>conscendunt.</strong></span> <span class='ocrx_word' id='word_1_110' title='bbox 750 1329 910 1400; x_wconf 83' lang='lat' dir='ltr'><strong>Exemplum</strong></span> 
     </span>
     <span class='ocr_line' id='line_1_17' title="bbox 106 1403 913 1476; baseline 0 -18"><span class='ocrx_word' id='word_1_111' title='bbox 106 1403 310 1458; x_wconf 81' lang='lat' dir='ltr'><strong>Atheniensium</strong></span> <span class='ocrx_word' id='word_1_112' title='bbox 321 1410 346 1456; x_wconf 93' lang='lat' dir='ltr'><strong>et</strong></span> <span class='ocrx_word' id='word_1_113' title='bbox 356 1403 420 1458; x_wconf 90' lang='lat' dir='ltr'><strong>aliae</strong></span> <span class='ocrx_word' id='word_1_114' title='bbox 430 1404 638 1458; x_wconf 87' lang='lat' dir='ltr'><strong>urbesimitatae.</strong></span> <span class='ocrx_word' id='word_1_115' title='bbox 659 1405 913 1476; x_wconf 88' lang='lat' dir='ltr'><strong>Itaquequumadu-</strong></span> 
     </span>
     <span class='ocr_line' id='line_1_18' title="bbox 107 1477 912 1532; baseline 0 0"><span class='ocrx_word' id='word_1_116' title='bbox 107 1485 169 1532; x_wconf 86' lang='lat' dir='ltr'><strong>nata</strong></span> <span class='ocrx_word' id='word_1_117' title='bbox 183 1477 271 1531; x_wconf 91' lang='lat' dir='ltr'><strong>omnis</strong></span> <span class='ocrx_word' id='word_1_118' title='bbox 285 1477 415 1532; x_wconf 87' lang='lat' dir='ltr'><strong>sociorum</strong></span> <span class='ocrx_word' id='word_1_119' title='bbox 426 1477 517 1531; x_wconf 87' lang='lat' dir='ltr'><strong>elassis</strong></span> <span class='ocrx_word' id='word_1_120' title='bbox 527 1485 551 1532; x_wconf 89' lang='lat' dir='ltr'><strong>et</strong></span> <span class='ocrx_word' id='word_1_121' title='bbox 561 1479 659 1532; x_wconf 88' lang='lat' dir='ltr'><strong>intenta</strong></span> <span class='ocrx_word' id='word_1_122' title='bbox 670 1479 697 1532; x_wconf 90' lang='lat' dir='ltr'><strong>in</strong></span> <span class='ocrx_word' id='word_1_123' title='bbox 709 1478 807 1531; x_wconf 88' lang='lat' dir='ltr'><strong>bellum</strong></span> <span class='ocrx_word' id='word_1_124' title='bbox 819 1477 912 1532; x_wconf 90' lang='lat' dir='ltr'><strong>navale</strong></span> 
     </span>
     <span class='ocr_line' id='line_1_19' title="bbox 106 1551 912 1624; baseline 0 -18"><span class='ocrx_word' id='word_1_125' title='bbox 106 1559 190 1615; x_wconf 88' lang='lat' dir='ltr'><strong>esset,</strong></span> <span class='ocrx_word' id='word_1_126' title='bbox 212 1553 402 1624; x_wconf 82' lang='lat' dir='ltr'><strong>angustiasque</strong></span> <span class='ocrx_word' id='word_1_127' title='bbox 416 1551 554 1606; x_wconf 89' lang='lat' dir='ltr'><strong>Salaminii</strong></span> <span class='ocrx_word' id='word_1_128' title='bbox 568 1552 634 1614; x_wconf 89' lang='lat' dir='ltr'><strong>lreti,</strong></span> <span class='ocrx_word' id='word_1_129' title='bbox 652 1569 685 1606; x_wconf 91' lang='lat' dir='ltr'><strong>ne</strong></span> <span class='ocrx_word' id='word_1_130' title='bbox 695 1553 881 1606; x_wconf 85' lang='lat' dir='ltr'><strong>circumveniri</strong></span> <span class='ocrx_word' id='word_1_131' title='bbox 892 1569 912 1611; x_wconf 57' lang='lat' dir='ltr'><strong>,a</strong></span> 
     </span>
     <span class='ocr_line' id='line_1_20' title="bbox 108 1626 913 1698; baseline -0.002 -16"><span class='ocrx_word' id='word_1_132' title='bbox 108 1626 280 1682; x_wconf 89' lang='lat' dir='ltr'><strong>multitudine</strong></span> <span class='ocrx_word' id='word_1_133' title='bbox 293 1635 388 1698; x_wconf 91' lang='lat' dir='ltr'><strong>posset,</strong></span> <span class='ocrx_word' id='word_1_134' title='bbox 400 1635 583 1698; x_wconf 77' lang='lat' dir='ltr'><strong>occupassent,</strong></span> <span class='ocrx_word' id='word_1_135' title='bbox 605 1627 734 1680; x_wconf 86' lang='lat' dir='ltr'><strong>dissensio</strong></span> <span class='ocrx_word' id='word_1_136' title='bbox 745 1627 811 1678; x_wconf 89' lang='lat' dir='ltr'><strong>inter</strong></span> <span class='ocrx_word' id='word_1_137' title='bbox 821 1627 913 1680; x_wconf 86' lang='lat' dir='ltr'><strong>civita-</strong></span> 
     </span>
     <span class='ocr_line' id='line_1_21' title="bbox 108 1700 910 1773; baseline 0 -18"><span class='ocrx_word' id='word_1_138' title='bbox 108 1711 166 1756; x_wconf 89' lang='lat' dir='ltr'><strong>tum</strong></span> <span class='ocrx_word' id='word_1_139' title='bbox 182 1701 315 1772; x_wconf 85' lang='lat' dir='ltr'><strong>principes</strong></span> <span class='ocrx_word' id='word_1_140' title='bbox 325 1701 417 1756; x_wconf 89' lang='lat' dir='ltr'><strong>oritur.</strong></span> <span class='ocrx_word' id='word_1_141' title='bbox 447 1701 499 1767; x_wconf 88' lang='lat' dir='ltr'><strong>Qui</strong></span> <span class='ocrx_word' id='word_1_142' title='bbox 517 1719 602 1773; x_wconf 91' lang='lat' dir='ltr'><strong>quum</strong></span> <span class='ocrx_word' id='word_1_143' title='bbox 616 1701 717 1755; x_wconf 89' lang='lat' dir='ltr'><strong>deserto</strong></span> <span class='ocrx_word' id='word_1_144' title='bbox 734 1700 802 1755; x_wconf 89' lang='lat' dir='ltr'><strong>bello</strong></span> <span class='ocrx_word' id='word_1_145' title='bbox 817 1701 910 1756; x_wconf 85' lang='lat' dir='ltr'><strong>adsue</strong></span> 
     </span>
     <span class='ocr_line' id='line_1_22' title="bbox 109 1775 910 1840; baseline 0.001 -10"><span class='ocrx_word' id='word_1_146' title='bbox 109 1777 207 1830; x_wconf 87' lang='lat' dir='ltr'><strong>tuenda</strong></span> <span class='ocrx_word' id='word_1_147' title='bbox 222 1775 304 1829; x_wconf 90' lang='lat' dir='ltr'><strong>dilabi</strong></span> <span class='ocrx_word' id='word_1_148' title='bbox 315 1775 420 1840; x_wconf 90' lang='lat' dir='ltr'><strong>vellent,</strong></span> <span class='ocrx_word' id='word_1_149' title='bbox 433 1776 529 1830; x_wconf 90' lang='lat' dir='ltr'><strong>timens</strong></span> <span class='ocrx_word' id='word_1_150' title='bbox 540 1775 734 1840; x_wconf 68' lang='lat' dir='ltr'><strong>Themistocles</strong></span> <span class='ocrx_word' id='word_1_151' title='bbox 750 1793 782 1830; x_wconf 91' lang='lat' dir='ltr'><strong>ne</strong></span> <span class='ocrx_word' id='word_1_152' title='bbox 792 1777 910 1831; x_wconf 86' lang='lat' dir='ltr'><strong>discessu</strong></span> 
     </span>
     <span class='ocr_line' id='line_1_23' title="bbox 106 1851 911 1922; baseline 0 -16"><span class='ocrx_word' id='word_1_153' title='bbox 106 1851 240 1906; x_wconf 83' lang='lat' dir='ltr'><strong>sociorum</strong></span> <span class='ocrx_word' id='word_1_154' title='bbox 253 1851 323 1905; x_wconf 87' lang='lat' dir='ltr'><strong>vires</strong></span> <span class='ocrx_word' id='word_1_155' title='bbox 339 1851 530 1915; x_wconf 85' lang='lat' dir='ltr'><strong>minuerentur,</strong></span> <span class='ocrx_word' id='word_1_156' title='bbox 546 1869 592 1922; x_wconf 90' lang='lat' dir='ltr'><strong>per</strong></span> <span class='ocrx_word' id='word_1_157' title='bbox 607 1869 714 1905; x_wconf 91' lang='lat' dir='ltr'><strong>servum</strong></span> <span class='ocrx_word' id='word_1_158' title='bbox 730 1851 813 1906; x_wconf 86' lang='lat' dir='ltr'><strong>fidum</strong></span> <span class='ocrx_word' id='word_1_159' title='bbox 828 1852 911 1906; x_wconf 81' lang='lat' dir='ltr'><strong>Xerxi</strong></span> 
     </span>
     <span class='ocr_line' id='line_1_24' title="bbox 108 1926 912 1994; baseline 0 -14"><span class='ocrx_word' id='word_1_160' title='bbox 108 1926 221 1990; x_wconf 86' lang='lat' dir='ltr'><strong>nuntiat,</strong></span> <span class='ocrx_word' id='word_1_161' title='bbox 238 1943 291 1980; x_wconf 84' lang='lat' dir='ltr'><strong>aaa</strong></span> <span class='ocrx_word' id='word_1_162' title='bbox 306 1930 334 1980; x_wconf 86' lang='lat' dir='ltr'><strong>iu</strong></span> <span class='ocrx_word' id='word_1_163' title='bbox 348 1929 403 1980; x_wconf 91' lang='lat' dir='ltr'><strong>loco</strong></span> <span class='ocrx_word' id='word_1_164' title='bbox 416 1944 473 1980; x_wconf 88' lang='lat' dir='ltr'><strong>eum</strong></span> <span class='ocrx_word' id='word_1_165' title='bbox 488 1936 647 1980; x_wconf 82' lang='lat' dir='ltr'><strong>contractum</strong></span> <span class='ocrx_word' id='word_1_166' title='bbox 664 1927 802 1981; x_wconf 86' lang='lat' dir='ltr'><strong>Graeciam</strong></span> <span class='ocrx_word' id='word_1_167' title='bbox 821 1945 912 1994; x_wconf 86' lang='lat' dir='ltr'><strong>cupere</strong></span> 
     </span>
     <span class='ocr_line' id='line_1_25' title="bbox 105 2000 910 2072; baseline -0.001 -17"><span class='ocrx_word' id='word_1_168' title='bbox 105 2005 233 2072; x_wconf 67' lang='lat' dir='ltr'><strong>facillime</strong></span> <span class='ocrx_word' id='word_1_169' title='bbox 239 2017 324 2068; x_wconf 82' lang='lat' dir='ltr'><strong>posse.</strong></span> <span class='ocrx_word' id='word_1_170' title='bbox 348 2000 446 2066; x_wconf 80' lang='lat' dir='ltr'><strong>Quodsi</strong></span> <span class='ocrx_word' id='word_1_171' title='bbox 458 2005 582 2064; x_wconf 82' lang='lat' dir='ltr'><strong>civitatee,</strong></span> <span class='ocrx_word' id='word_1_172' title='bbox 594 2019 660 2070; x_wconf 83' lang='lat' dir='ltr'><strong>quae</strong></span> <span class='ocrx_word' id='word_1_173' title='bbox 669 2005 721 2054; x_wconf 87' lang='lat' dir='ltr'><strong>iam</strong></span> <span class='ocrx_word' id='word_1_174' title='bbox 731 2005 910 2065; x_wconf 82' lang='lat' dir='ltr'><strong>abireoeltent,</strong></span> 
     </span>
     <span class='ocr_line' id='line_1_26' title="bbox 105 2079 910 2144; baseline -0.002 -14"><span class='ocrx_word' id='word_1_175' title='bbox 105 2081 276 2143; x_wconf 79' lang='lat' dir='ltr'><strong>dissipentur,</strong></span> <span class='ocrx_word' id='word_1_176' title='bbox 307 2079 406 2130; x_wconf 82' lang='lat' dir='ltr'><strong>maiore</strong></span> <span class='ocrx_word' id='word_1_177' title='bbox 430 2079 517 2129; x_wconf 85' lang='lat' dir='ltr'><strong>labore</strong></span> <span class='ocrx_word' id='word_1_178' title='bbox 540 2080 564 2129; x_wconf 89' lang='lat' dir='ltr'><strong>ei</strong></span> <span class='ocrx_word' id='word_1_179' title='bbox 582 2079 699 2144; x_wconf 79' lang='lat' dir='ltr'><strong>stapulas</strong></span> <span class='ocrx_word' id='word_1_180' title='bbox 718 2081 910 2130; x_wconf 82' lang='lat' dir='ltr'><strong>consectandas.</strong></span> 
     </span>
     <span class='ocr_line' id='line_1_27' title="bbox 107 2148 911 2222; baseline -0.002 -18"><span class='ocrx_word' id='word_1_181' title='bbox 107 2152 163 2204; x_wconf 88' lang='lat' dir='ltr'><strong>Hoc</strong></span> <span class='ocrx_word' id='word_1_182' title='bbox 179 2149 240 2204; x_wconf 91' lang='lat' dir='ltr'><strong>dolo</strong></span> <span class='ocrx_word' id='word_1_183' title='bbox 253 2148 366 2220; x_wconf 88' lang='lat' dir='ltr'><strong>impellit</strong></span> <span class='ocrx_word' id='word_1_184' title='bbox 378 2165 465 2222; x_wconf 81' lang='lat' dir='ltr'><strong>regem</strong></span> <span class='ocrx_word' id='word_1_185' title='bbox 480 2151 587 2222; x_wconf 83' lang='lat' dir='ltr'><strong>siguum</strong></span> <span class='ocrx_word' id='word_1_186' title='bbox 602 2167 707 2222; x_wconf 85' lang='lat' dir='ltr'><strong>pugnae</strong></span> <span class='ocrx_word' id='word_1_187' title='bbox 717 2149 787 2202; x_wconf 90' lang='lat' dir='ltr'><strong>dare.</strong></span> <span class='ocrx_word' id='word_1_188' title='bbox 819 2149 911 2204; x_wconf 81' lang='lat' dir='ltr'><strong>Graeci</strong></span> 
     </span>
     <span class='ocr_line' id='line_1_28' title="bbox 106 2223 913 2296; baseline 0 -18"><span class='ocrx_word' id='word_1_189' title='bbox 106 2223 225 2296; x_wconf 75' lang='lat' dir='ltr'><strong>quaque,</strong></span> <span class='ocrx_word' id='word_1_190' title='bbox 238 2223 353 2279; x_wconf 91' lang='lat' dir='ltr'><strong>adventu</strong></span> <span class='ocrx_word' id='word_1_191' title='bbox 362 2224 478 2278; x_wconf 89' lang='lat' dir='ltr'><strong>hostium</strong></span> <span class='ocrx_word' id='word_1_192' title='bbox 487 2227 613 2296; x_wconf 86' lang='lat' dir='ltr'><strong>occupati,</strong></span> <span class='ocrx_word' id='word_1_193' title='bbox 626 2223 755 2296; x_wconf 90' lang='lat' dir='ltr'><strong>proelium</strong></span> <span class='ocrx_word' id='word_1_194' title='bbox 767 2223 866 2278; x_wconf 89' lang='lat' dir='ltr'><strong>collatis</strong></span> <span class='ocrx_word' id='word_1_195' title='bbox 872 2225 913 2278; x_wconf 90' lang='lat' dir='ltr'><strong>vi-</strong></span> 
     </span>
     <span class='ocr_line' id='line_1_29' title="bbox 106 2300 910 2373; baseline 0.001 -20"><span class='ocrx_word' id='word_1_196' title='bbox 106 2301 184 2354; x_wconf 89' lang='lat' dir='ltr'><strong>ribus</strong></span> <span class='ocrx_word' id='word_1_197' title='bbox 202 2305 351 2370; x_wconf 86' lang='lat' dir='ltr'><strong>capessunt.</strong></span> <span class='ocrx_word' id='word_1_198' title='bbox 382 2301 480 2354; x_wconf 87' lang='lat' dir='ltr'><strong>Interea</strong></span> <span class='ocrx_word' id='word_1_199' title='bbox 501 2318 556 2364; x_wconf 88' lang='lat' dir='ltr'><strong>rex,</strong></span> <span class='ocrx_word' id='word_1_200' title='bbox 572 2300 645 2355; x_wconf 89' lang='lat' dir='ltr'><strong>velut</strong></span> <span class='ocrx_word' id='word_1_201' title='bbox 658 2307 783 2370; x_wconf 90' lang='lat' dir='ltr'><strong>spectator</strong></span> <span class='ocrx_word' id='word_1_202' title='bbox 796 2317 910 2373; x_wconf 79' lang='lat' dir='ltr'><strong>pugnae,</strong></span> 
     </span>
     <span class='ocr_line' id='line_1_30' title="bbox 107 2374 909 2445; baseline 0 -17"><span class='ocrx_word' id='word_1_203' title='bbox 107 2391 170 2428; x_wconf 78' lang='lat' dir='ltr'><strong>cum</strong></span> <span class='ocrx_word' id='word_1_204' title='bbox 181 2381 254 2445; x_wconf 89' lang='lat' dir='ltr'><strong>parte</strong></span> <span class='ocrx_word' id='word_1_205' title='bbox 263 2375 373 2428; x_wconf 80' lang='lat' dir='ltr'><strong>navium</strong></span> <span class='ocrx_word' id='word_1_206' title='bbox 383 2375 412 2428; x_wconf 90' lang='lat' dir='ltr'><strong>in</strong></span> <span class='ocrx_word' id='word_1_207' title='bbox 421 2374 496 2428; x_wconf 90' lang='lat' dir='ltr'><strong>litore</strong></span> <span class='ocrx_word' id='word_1_208' title='bbox 506 2383 631 2429; x_wconf 88' lang='lat' dir='ltr'><strong>remanet.</strong></span> <span class='ocrx_word' id='word_1_209' title='bbox 661 2375 800 2428; x_wconf 89' lang='lat' dir='ltr'><strong>Artemisia</strong></span> <span class='ocrx_word' id='word_1_210' title='bbox 811 2384 909 2439; x_wconf 91' lang='lat' dir='ltr'><strong>autem,</strong></span> 
     </span>
     <span class='ocr_line' id='line_1_31' title="bbox 105 2447 909 2521; baseline -0.004 -18"><span class='ocrx_word' id='word_1_211' title='bbox 105 2449 200 2521; x_wconf 79' lang='lat' dir='ltr'><strong>regina</strong></span> <span class='ocrx_word' id='word_1_212' title='bbox 217 2447 401 2514; x_wconf 85' lang='lat' dir='ltr'><strong>Halicarnassi,</strong></span> <span class='ocrx_word' id='word_1_213' title='bbox 420 2449 531 2520; x_wconf 87' lang='lat' dir='ltr'><strong>quaein</strong></span> <span class='ocrx_word' id='word_1_214' title='bbox 550 2449 680 2503; x_wconf 88' lang='lat' dir='ltr'><strong>auxilium</strong></span> <span class='ocrx_word' id='word_1_215' title='bbox 695 2449 777 2502; x_wconf 90' lang='lat' dir='ltr'><strong>Xerxi</strong></span> <span class='ocrx_word' id='word_1_216' title='bbox 795 2457 909 2509; x_wconf 87' lang='lat' dir='ltr'><strong>venerat,</strong></span> 
     </span>
     <span class='ocr_line' id='line_1_32' title="bbox 106 2522 913 2594; baseline -0.009 -18"><span class='ocrx_word' id='word_1_217' title='bbox 106 2523 177 2576; x_wconf 80' lang='lat' dir='ltr'><strong>inter</strong></span> <span class='ocrx_word' id='word_1_218' title='bbox 190 2523 291 2594; x_wconf 90' lang='lat' dir='ltr'><strong>primos</strong></span> <span class='ocrx_word' id='word_1_219' title='bbox 301 2522 381 2577; x_wconf 89' lang='lat' dir='ltr'><strong>duces</strong></span> <span class='ocrx_word' id='word_1_220' title='bbox 391 2523 622 2578; x_wconf 90' lang='lat' dir='ltr'><strong>bellumaoerrime</strong></span> <span class='ocrx_word' id='word_1_221' title='bbox 632 2523 724 2576; x_wconf 90' lang='lat' dir='ltr'><strong>ciebat.</strong></span> <span class='ocrx_word' id='word_1_222' title='bbox 755 2523 867 2590; x_wconf 74' lang='lat' dir='ltr'><strong>Quippe,</strong></span> <span class='ocrx_word' id='word_1_223' title='bbox 883 2528 913 2571; x_wconf 90' lang='lat' dir='ltr'><strong>ut</strong></span> 
     </span>
     <span class='ocr_line' id='line_1_33' title="bbox 107 2595 908 2662; baseline -0.01 -12"><span class='ocrx_word' id='word_1_224' title='bbox 107 2599 136 2652; x_wconf 90' lang='lat' dir='ltr'><strong>in</strong></span> <span class='ocrx_word' id='word_1_225' title='bbox 154 2597 210 2652; x_wconf 88' lang='lat' dir='ltr'><strong>viro</strong></span> <span class='ocrx_word' id='word_1_226' title='bbox 224 2597 382 2652; x_wconf 90' lang='lat' dir='ltr'><strong>muliebrem</strong></span> <span class='ocrx_word' id='word_1_227' title='bbox 395 2600 525 2662; x_wconf 89' lang='lat' dir='ltr'><strong>timorem,</strong></span> <span class='ocrx_word' id='word_1_228' title='bbox 542 2598 577 2652; x_wconf 89' lang='lat' dir='ltr'><strong>ita</strong></span> <span class='ocrx_word' id='word_1_229' title='bbox 590 2599 618 2651; x_wconf 89' lang='lat' dir='ltr'><strong>in</strong></span> <span class='ocrx_word' id='word_1_230' title='bbox 629 2597 739 2651; x_wconf 89' lang='lat' dir='ltr'><strong>muliere</strong></span> <span class='ocrx_word' id='word_1_231' title='bbox 748 2595 851 2650; x_wconf 80' lang='lat' dir='ltr'><strong>virilem</strong></span> <span class='ocrx_word' id='word_1_232' title='bbox 863 2609 908 2643; x_wconf 92' lang='lat' dir='ltr'><strong>au-</strong></span> 
     </span>
    </p>
   </div>
   <div class='ocr_carea' id='block_1_3' title="bbox 105 2667 912 2744">
    <p class='ocr_par' dir='ltr' id='par_1_3' title="bbox 105 2667 912 2744">
     <span class='ocr_line' id='line_1_34' title="bbox 105 2667 912 2744; baseline -0.017 -16"><span class='ocrx_word' id='word_1_233' title='bbox 105 2671 211 2728; x_wconf 90' lang='lat' dir='ltr'><strong>daciam</strong></span> <span class='ocrx_word' id='word_1_234' title='bbox 225 2689 355 2730; x_wconf 85' lang='lat' dir='ltr'><strong>cerneres.</strong></span> <span class='ocrx_word' id='word_1_235' title='bbox 384 2673 475 2740; x_wconf 89' lang='lat' dir='ltr'><strong>Quum</strong></span> <span class='ocrx_word' id='word_1_236' title='bbox 491 2689 585 2744; x_wconf 88' lang='lat' dir='ltr'><strong>anceps</strong></span> <span class='ocrx_word' id='word_1_237' title='bbox 600 2669 730 2743; x_wconf 89' lang='lat' dir='ltr'><strong>proelium</strong></span> <span class='ocrx_word' id='word_1_238' title='bbox 744 2672 820 2729; x_wconf 89' lang='lat' dir='ltr'><strong>esset,</strong></span> <span class='ocrx_word' id='word_1_239' title='bbox 837 2667 912 2716; x_wconf 89' lang='lat' dir='ltr'><strong>Iones</strong></span> 
     </span>
    </p>
   </div>
   <div class='ocr_carea' id='block_1_4' title="bbox 0 0 1017 3010">
    <p class='ocr_par' dir='ltr' id='par_1_4' title="bbox 0 0 1017 3010">
     <span class='ocr_line' id='line_1_35' title="bbox 0 0 1017 3010; baseline 0 0"><span class='ocrx_word' id='word_1_240' title='bbox 0 0 1017 3010; x_wconf 95' lang='lat' dir='ltr'><strong> </strong></span> 
     </span>
    </p>
   </div>
  </div>
 </body>
</html>
