2016 3028
359 189 430 234 ura.
450 190 536 236 xuuu
566 191 643 234 oar.
666 187 688 234 t.
874 183 925 238 tot

125 287 256 346 ultionem
270 294 401 342 maternae
415 289 493 352 neeis,
509 296 534 344 et
547 290 668 344 Numitor
677 289 705 344 iu
718 287 861 344 vindictum
871 308 927 345 era·

126 364 168 436 pti
178 363 252 436 regni
265 371 409 418 armantur.

182 437 252 493 Car.
273 436 314 491 lll.
333 436 424 493 Occiso
434 437 540 494 Amulio
550 455 661 512 rognum
671 438 801 492 Numitori
811 439 927 494 restitui-

126 520 172 568 tur
184 519 209 566 at
221 511 286 567 urbs
299 513 415 567 Romana
428 514 462 567 ab
475 512 682 568 adolescentibus
691 512 821 569 conditur.
851 515 927 568 'luno

126 595 154 642 et
163 593 268 641 senatus
283 597 388 642 centum
398 587 541 659 seniorum,
558 588 605 660 qui
616 589 701 642 Patres
710 586 772 640 dicti
782 595 852 653 sunt,
864 605 927 643 oon·

126 661 259 729 stituitur;
279 669 343 716 tune
355 669 381 716 et
394 662 489 717 vicinis
499 662 629 716 connubia
640 669 772 732 pastorum
781 661 927 735 dedignan-

128 737 202 791 tibus
214 736 332 809 virginas
345 737 456 792 Sabinae
465 737 617 808 rapiuntur3
639 736 812 807 finitimisque
821 735 926 808 populis

126 811 210 866 umis
223 811 348 866 subiectis
361 811 478 883 primum
493 811 581 865 ltaliae
594 817 620 864 et
631 828 694 864 mox
703 810 774 865 orbis
784 810 926 882 imperium

125 886 289 958 quaesitum.
313 887 361 940 Per
373 904 402 941 ea
415 886 502 940 adhuc
511 893 626 956 tempora
634 901 708 957 reges
717 885 804 939 hastas
813 902 860 956 pro
870 885 927 939 dia-

125 959 232 1014 demate
250 960 393 1026 habebant,
415 977 483 1032 quas
503 959 595 1014 Graeci
608 967 707 1031 sceptra
720 959 818 1014 dixere.
858 959 926 1014 Nam

125 1042 155 1089 et
170 1034 203 1088 ab
225 1034 325 1107 origine
348 1052 436 1089 rerum
464 1052 513 1106 pro
535 1033 587 1088 diis
610 1033 803 1090 immortalibus
826 1041 926 1089 veteroe

127 1109 218 1164 hastas
224 1107 338 1163 coluere:
350 1110 384 1164 ob
393 1109 469 1164 cuius
479 1107 612 1182 religionis
622 1108 775 1164 memoriam
785 1108 872 1164 adhuc
880 1108 927 1163 de-

125 1200 205 1238 orum
225 1183 373 1238 simulacris
395 1183 483 1239 hastae
503 1183 645 1238 adduntur.
676 1184 848 1256 Temporibus
863 1184 927 1238 Tar-

127 1257 216 1330 quinii
232 1258 301 1330 regis
311 1275 344 1312 ex
356 1258 418 1313 Asia
427 1259 630 1313 Phocaeensium
640 1259 763 1314 iuventus
772 1259 839 1314 ostio
849 1257 927 1314 Tibo-

128 1333 168 1387 ris
182 1332 284 1386 invecta
298 1333 439 1387 amicitiam
448 1349 510 1387 oum
519 1334 643 1388 llomanis
653 1333 753 1389 iunxit:
774 1333 835 1388 inda
845 1333 874 1388 in
884 1332 927 1388 ul·

127 1408 210 1462 timos
230 1406 332 1462 Galliae
350 1407 426 1462 sinus
444 1407 558 1462 navibus
576 1406 687 1479 proiecta
702 1408 846 1462 Massiliam
859 1408 926 1462 inter

127 1481 241 1554 Ligures
254 1489 279 1536 et
292 1481 359 1536 laras
368 1489 458 1555 gentes
468 1481 604 1537 Gallorum
613 1481 741 1550 mndidit3
763 1498 927 1554 magnasque

127 1573 181 1622 res,
200 1557 256 1610 siva
269 1556 334 1611 dum
347 1557 465 1612 armissa
475 1556 601 1613 advorsus
610 1555 738 1611 Gallicam
747 1556 873 1611 feritatem
884 1563 927 1609 tu-

126 1637 207 1686 entur
225 1631 281 1686 sive
293 1631 360 1686 dum
375 1630 443 1687 ultro
457 1631 596 1696 lacessunt,
615 1648 630 1685 a
642 1630 745 1706 {quibus
759 1629 927 1685 fuerantante

128 1704 251 1771 lacessiti,
261 1713 405 1779 gessamnt.
434 1708 555 1778 Namque
563 1707 738 1760 Phocaeinses
746 1705 888 1778 exiguitate
897 1721 927 1759 ao

127 1779 214 1834 macie
225 1787 308 1835 terrae
314 1781 395 1836 coacti
404 1781 547 1838 studiosius
557 1796 629 1835 mare
638 1797 719 1850 quam
729 1787 810 1834 terras
820 1795 927 1834 exercu-

125 1871 186 1910 ere:
207 1854 341 1926 piscando,
361 1855 507 1918 manando,
528 1854 685 1926 plerumque
702 1854 779 1910 etiam
794 1854 927 1910 latrocinio

128 1929 221 1993 maris,
238 1929 311 2001 quod
325 1929 380 1984 illis
392 1930 552 2002 tenporibus
566 1929 664 2004 gloriae
677 1930 830 1996 habebatur,
845 1931 925 1985 vitam

128 2002 280 2058 tolerabam
308 2005 400 2076 ltaque
415 2005 445 2060 in
458 2005 578 2060 ultimam
593 2003 688 2060 Oceani
702 2023 774 2061 oram
790 2005 927 2076 procedere

126 2078 190 2133 ausi
203 2076 230 2132 in
241 2079 331 2132 sinum
341 2078 472 2134 Gallicum
481 2080 548 2134 ostio
557 2079 676 2134 Rhodani
688 2080 775 2134 amnis
784 2081 924 2134 devenere:

126 2152 207 2206 ouius
222 2151 271 2207 looi
283 2154 436 2212 amoenitate
452 2155 533 2225 capti,
554 2154 652 2209 reversi
665 2153 775 2208 domum
789 2153 927 2208 relerentes

126 2227 336 2300 quaeviderant,
346 2228 622 2300 pluressollicitavero.
641 2229 725 2282 Duces
735 2228 826 2283 classis
841 2229 927 2283 Simos

126 2310 155 2356 et
169 2302 253 2356 Protis
267 2300 348 2357 luere.
368 2304 458 2374 ltaque
469 2320 556 2376 regem
566 2302 788 2376 Segobrigiorum,
801 2305 926 2358 Nanaum

129 2377 246 2440 nomine,
268 2376 296 2432 in
316 2377 392 2432 cuins
413 2378 511 2433 finibus
530 2377 623 2433 urbem
643 2377 752 2433 condere
771 2379 924 2452 gestiebant,

126 2451 271 2506 amicitiam
284 2459 397 2523 petentes
411 2455 579 2508 conveniunt.
611 2454 726 2508 Fortseo
744 2452 787 2507 die
796 2471 842 2506 rex
851 2467 927 2505 ocou·

52 2543 56 2551 ·
128 2533 206 2597 patus
221 2526 250 2581 in
264 2534 389 2598 apparatu
403 2527 554 2598 nuptiarum
570 2527 665 2602 Gyptis
680 2526 823 2593 filiaaerat3
845 2541 927 2596 quam

128 2617 202 2655 mom
214 2601 300 2674 gentis
314 2601 393 2656 electo
407 2602 474 2656 inter
488 2600 580 2672 epulas
594 2619 690 2675 genero
704 2609 817 2671 nuptum
828 2597 927 2652 tradere

128 2675 185 2731 illic
198 2677 315 2748 parabat.
346 2678 435 2749 ltaque
448 2694 534 2748 quum
549 2676 581 2731 ad
597 2677 702 2748 nuptias
716 2673 817 2728 invitati
835 2688 927 2726 omnes
