1984 3010
332 163 402 208 LIB.
422 164 465 208 XI.
497 165 574 214 cAP.
596 164 622 208 t.
844 159 879 210 89

74 259 154 316 bilius
177 260 269 314 viserit
289 279 322 315 an
342 261 450 334 adgredi
467 281 548 316 ausus
567 261 658 328 fuerit,
680 263 809 316 inoertum
826 271 877 318 est.

74 336 162 402 Quum
182 335 216 388 ad
234 343 287 389 tam
303 335 481 406 periculosum
495 337 595 392 bellum
610 339 753 392 exereitum
770 337 875 410 legeret,

74 427 125 464 non
145 409 255 464 iuvenes
274 411 395 465 robustos
409 429 456 465 neo
471 413 588 482 primum
602 412 691 467 florem
705 413 808 476 aetatiS,
829 413 877 466 sed

74 493 220 557 veteranos,
237 483 377 556 plerosque
389 488 467 540 etiam
482 488 603 541 emeritae
618 487 735 551 militiae,
752 488 799 558 qui
813 505 876 541 eum

72 567 143 630 patre
153 559 308 630 patruisque
317 560 503 624 militaverant,
515 561 605 633 elegit:
618 569 709 617 utnon
721 569 772 616 tam
779 562 878 616 milites

73 651 153 704 quam
168 633 307 706 magistros
320 635 430 688 militiae
439 633 533 688 electos
544 645 657 705 putares
687 635 799 691 Ordines
809 653 877 708 quo-

73 725 124 779 que
137 725 216 762 nemo
231 708 282 761 nisi
296 709 485 782 sexagenarius
499 709 589 766 duxit:
610 717 648 774 ut,
661 709 683 762 si
694 710 822 780 principia
832 729 878 764 ea-

72 792 186 836 strorum
196 799 321 848 cerneres,
329 791 450 838 senatum
462 792 485 837 te
494 783 605 838 alicuius
615 783 879 854 priseaereipublioae

71 857 161 911 videre
169 857 277 911 dioeres.
298 860 390 930 Itaque
400 875 476 912 nemo
487 858 513 912 in
525 858 623 930 proelio
632 857 732 930 fugam,
740 859 786 912 sed
796 858 881 914 victo-

61 931 137 986 'riam
158 932 296 1004 cogitavit3
319 951 367 986 neo
380 933 407 986 in
425 933 537 1004 pedibus
552 933 677 1004 cuiquam
692 951 765 1004 spes,
788 933 877 988 sedin

71 1006 174 1061 lacertis
185 1006 244 1060 tuit.
265 1006 360 1062 Contra
370 1025 415 1061 rex
422 1009 561 1062 Persarum
566 1009 660 1062 Darius
671 1008 766 1062 fiducia
777 1009 878 1062 virium

71 1081 108 1135 nil
122 1091 182 1136 astu
192 1099 276 1154 agere,
292 1081 436 1136 adfirmans
449 1083 506 1136 suis
520 1087 622 1137 occultu
632 1087 742 1139 conditu
751 1089 881 1138 victoriae

69 1163 186 1226 furtivae
205 1161 354 1210 convenire:
378 1173 426 1211 neo
444 1157 546 1211 hostem
566 1157 641 1230 regni
661 1158 761 1213 smihus
780 1175 875 1222 arcere,

70 1231 155 1285 sedin
168 1231 292 1284 intimum
303 1249 416 1304 regnum
425 1231 548 1302 accipere,
561 1231 701 1304 gloriosius
711 1239 782 1286 ratus
793 1233 879 1304 repel-

69 1305 234 1360 terebellum
245 1323 327 1377 quam
338 1323 391 1360 non
401 1306 546 1362 admittere.
568 1307 656 1361 Prima
665 1307 747 1380 igitur
754 1324 879 1380 oongres-

68 1382 108 1435 sio
124 1381 153 1434 in
169 1381 270 1450 eampis
284 1380 413 1434 Adrastiis
426 1380 486 1436 fuit.
516 1383 548 1436 In
558 1382 611 1436 acie
621 1383 758 1436 Persarum
769 1399 881 1436 senoen-

67 1465 94 1510 ta
104 1455 192 1510 millia
202 1454 317 1508 militum
329 1454 413 1524 suere;
435 1473 504 1528 quae
515 1473 567 1510 non
578 1457 668 1511 minus
676 1455 877 1510 arteAlexandri

68 1549 153 1602 quam
174 1529 270 1584 virtute
286 1529 459 1584 Maoedonum
484 1538 619 1601 superata,
642 1538 714 1602 terga
733 1536 880 1584 verterunt.
949 1525 951 1530 ’

67 1607 167 1678 Magna
185 1604 275 1676 itaque
288 1605 379 1659 caedes
393 1606 533 1659 Persarum
548 1603 608 1658 tuit.
638 1605 674 1658 De
688 1603 803 1658 exercitu
817 1602 880 1656 Ale-

67 1680 167 1734 xandri
183 1697 279 1734 novem
289 1679 398 1750 pedites,
415 1687 522 1734 eentum
533 1678 627 1754 viginti
637 1677 737 1750 equites
748 1677 876 1733 assidere:

69 1772 138 1827 quos
163 1771 211 1808 rex
231 1755 350 1825 impense
369 1754 403 1808 ud
421 1763 565 1810 ceterorum
584 1753 737 1824 exemplum
755 1753 881 1809 humatos

69 1829 164 1884 statuis
175 1830 343 1900 equestribus
352 1828 460 1884 donavit
470 1829 641 1902 cognatisque
651 1846 742 1883 eorum
749 1829 882 1888 immuni-

69 1913 135 1959 tates
144 1903 227 1958 dedit.
252 1906 312 1958 Post
321 1903 455 1959 viatoriam
467 1904 550 1958 maior
560 1922 621 1975 pars
630 1903 708 1959 Asiae
717 1904 751 1959 ad
760 1922 822 1960 eum
833 1904 878 1958 de-

69 1978 140 2033 fecit.
172 1978 260 2033 Gessit
273 1985 298 2032 et
310 1977 387 2051 plura
402 1977 470 2032 bella
485 1996 546 2032 otim
560 1977 695 2050 praesectis
709 1979 794 2043 Darii,
810 1995 881 2050 quos

69 2054 124 2108 iam
134 2070 189 2107 non
199 2060 253 2106 tam
264 2053 345 2107 armis
355 2071 437 2124 quam
447 2061 541 2108 terrore
551 2053 667 2108 nominis
676 2053 719 2107 sui
729 2053 801 2108 vicit.

126 2128 166 2183 Cr
175 2147 197 2180 r.
213 2127 269 2182 v11.
285 2129 354 2182 Dum
365 2129 428 2181 haee
436 2136 562 2200 aguntur,
574 2127 679 2182 interim
690 2126 788 2180 indioio
797 2126 881 2195 eapti·

74 2205 98 2255 vi
109 2201 449 2257 adeumdeferturinoa'diaa
458 2208 482 2257 ei
491 2202 877 2269 ubAlemandroLyneistarum,

72 2293 168 2348 genero
181 2277 322 2347 Antipatri,
338 2275 558 2348 quipraepositns
573 2275 737 2330 Macedoniae
751 2281 813 2340 erat,
827 2293 881 2344 pu·

72 2357 140 2406 rori.
173 2349 214 2406 Ob
223 2368 305 2422 quam
316 2367 423 2406 sarisam
434 2351 538 2415 timens,
555 2350 659 2422 nequis
670 2348 801 2406 interfecto
810 2351 878 2405 eoin

73 2425 224 2480 Macedonia
235 2432 323 2479 motus
332 2425 452 2490 oriretur,
459 2426 487 2480 in
498 2424 613 2480 vinculis
623 2441 684 2478 eum
694 2424 797 2479 habuit.
818 2426 881 2478 Post

8 2541 9 2546 ,
74 2498 136 2554 haee
149 2499 268 2555 Gordion
282 2500 375 2554 urbem
390 2501 462 2570 petit,
479 2517 547 2572 quae
561 2499 645 2570 posita
661 2506 699 2552 est
713 2499 780 2552 inter
794 2498 881 2564 Phry-

74 2572 145 2644 giam
161 2575 289 2628 maiorem
300 2580 325 2628 et
338 2576 481 2629 minorem:
503 2575 579 2628 euius
589 2573 664 2627 urbis
674 2569 816 2643 potiundae
826 2581 881 2618 non

8 2655 10 2676 ⁴
74 2655 127 2702 tam
141 2657 249 2723 propter
262 2649 387 2722 praedam
402 2649 498 2721 cupido
512 2665 574 2702 eum
588 2647 669 2717 cepit,
685 2643 733 2696 sed
746 2637 819 2710 quod
833 2651 883 2689 au·
