2016 3028
132 149 182 204 192
365 153 516 199 1osr1u1
534 151 697 198 mecon..

131 263 191 328 post
204 259 314 308 mortem
327 252 405 325 regis,
421 261 504 307 mater
514 251 626 324 virginis
641 249 760 314 Arsinoe,
777 255 806 303 ut
816 248 930 305 invitase

130 337 293 384 contractum
308 327 506 382 matrimonium
521 327 674 389 solveretur,
690 325 763 378 misit
775 325 822 395 qui
837 325 871 378 ad
885 344 933 380 nu-

132 403 201 475 ptias
215 402 328 474 virginis
341 419 508 475 regnumque
521 401 685 476 Cyrenarum
700 399 869 463 Demetrium,
884 399 934 454 lra-

132 488 199 531 trem
219 477 289 548 regis
304 477 439 549 Antigoni,
460 495 474 531 a
489 475 638 530 Macedonia
656 480 828 528 arcesserent:
849 476 934 545 quiet

132 553 189 623 ipse
205 569 238 606 ex
253 551 306 604 lilia
318 551 455 606 Ptolemaei
470 558 618 622 procreatus
632 557 695 602 erat.
725 548 776 602 Sed
787 565 836 602 uec
846 549 935 604 Deme-

132 625 391 681 triusmoramlecit.
418 627 602 697 ltaquequum
614 623 774 678 secundante
784 631 861 677 vento
871 624 935 678 cele·

133 701 196 756 riter
216 701 333 774 Cyrenas
355 700 508 764 advolasset,
530 699 625 754 liducia
646 697 861 769 pulchritudinis,
883 717 935 771 qua
991 749 992 752 ,

133 776 215 831 nimis
231 776 331 848 placere
341 776 427 830 socrui
442 782 566 845 coeperat,
580 773 667 828 statim
681 791 694 826 a
706 772 836 844 principio
845 792 937 845 super·

133 851 186 906 bus
200 853 286 925 regiae
301 851 414 906 familiae
428 849 611 920 militibusque
625 849 753 918 impotens
764 857 830 915 erat3
853 849 938 903 studi·
991 853 992 914 ἶ

133 943 235 998 umque
247 925 512 998 placendiavirgine
526 924 553 978 in
564 931 673 977 matrem
684 922 834 977 contulerat.
866 923 938 989 Quae
991 919 992 962 ἶ

134 1019 176 1054 res
194 1009 314 1072 suspecta
333 1001 419 1071 primo
436 999 547 1072 virgini,
571 996 632 1052 dein
652 997 826 1069 popularibus
847 998 940 1052 militi-

133 1074 239 1145 busque
260 1075 344 1128 invisa
364 1073 421 1128 luit.
452 1076 542 1146 ltaque
556 1073 638 1126 versis
657 1073 779 1126 omnium
796 1073 895 1126 animis
911 1073 940 1127 in
991 1091 992 1100 ¹

133 1149 273 1202 Ptolemaei
290 1148 383 1210 filium,
400 1149 510 1202 insidiae
524 1147 652 1202 Demetrio
662 1156 862 1218 comparantur:
884 1148 938 1213 eui,

131 1239 218 1294 quum
230 1223 257 1275 in
268 1221 362 1276 lectum
373 1239 463 1278 socrus
472 1223 650 1285 concessisset,
663 1239 827 1293 percussores
839 1223 940 1276 immit·
991 1235 992 1240 ’

132 1304 235 1350 tuntur.
265 1296 316 1351 Sed
330 1297 440 1352 Arsinoe
454 1297 542 1352 audita
558 1314 619 1351 voce
639 1297 706 1350 filiae
720 1297 753 1350 ad
768 1295 835 1351 fores
846 1298 942 1352 stantis

133 1381 159 1425 et
168 1371 350 1443 praecipientis
368 1381 398 1426 ut
408 1373 484 1426 matri
496 1379 651 1443 parceretur,
668 1370 816 1424 adulterum
827 1373 943 1443 paullis-

133 1464 180 1519 per
199 1464 305 1518 corpore
320 1465 369 1501 suo
388 1448 509 1518 protexit.
541 1447 602 1512 Quo'
619 1445 749 1500 interiecto
771 1447 900 1502 Beronice
919 1455 943 1501 et
991 1503 992 1510 ,

133 1531 223 1593 stupra
235 1521 325 1576 matris
335 1521 408 1577 salva
419 1523 511 1594 pietate
521 1520 575 1575 ulta
585 1530 664 1586 estet
675 1521 701 1574 in
709 1521 880 1577 matrimonio
886 1539 943 1578 sor-
991 1513 992 1572 l

134 1597 222 1652 tiendo
233 1597 362 1652 iudicium
374 1598 456 1669 patris
466 1604 564 1651 secuta.

425 1775 650 1802 ...aemv-

328 1985 527 2042 LIBER
573 1984 743 2042 XXVII.

423 2113 648 2138 ==²

132 2199 211 2238 Atre.
225 2199 274 2247 Cap.
285 2200 348 2237 1-e.
360 2197 393 2236 Dc
402 2197 486 2234 Seleuco
500 2196 520 2232 in
531 2194 597 2244 Syria,
608 2199 628 2232 et
639 2192 744 2233 Antiocho
758 2194 856 2240 Hieme,
873 2201 896 2232 et
906 2195 952 2232 Eu·

453 2273 511 2296 mene
521 2258 618 2308 Bitlryno.

189 2332 263 2396 Cir.
277 2344 298 2396 l.
320 2345 422 2396 Mortuo
436 2341 528 2416 Syriae
542 2359 602 2414 rege
617 2341 754 2406 Antiocho,
767 2359 857 2415 quum
869 2342 903 2397 in
914 2341 955 2396 lo-
991 2341 992 2406 l

131 2428 193 2464 cum
207 2415 265 2466 eius
285 2414 356 2468 filios
370 2417 494 2470 Seleucus
513 2418 693 2480 successisset,
719 2418 841 2473 hortante
861 2429 954 2472 matre
991 2449 992 2508 p

132 2483 256 2567 laodice,
268 2505 337 2556 quae
346 2491 485 2557 prolribere
495 2490 629 2554 debuerat,
641 2493 759 2562 auspicia
771 2493 846 2565 regni
858 2511 875 2546 a
889 2510 956 2563 par-
991 2511 992 2556 i

131 2557 224 2610 rrcrdro
238 2563 336 2627 coepit:
358 2564 458 2631 quippe
472 2565 621 2629 Beronicen‚
639 2584 778 2622 novercam
792 2585 888 2632 stram,
908 2583 957 2619 so-
991 2561 992 2646 l

131 2639 216 2680 rorem
231 2631 370 2685 Ptolemaei
386 2638 456 2706 regis
471 2638 595 2710 Aegypti,
617 2657 679 2694 com
693 2641 806 2716 parvulo
820 2645 910 2696 fratre
921 2655 956 2695 ex
991 2655 992 2700 i
