1998 3006
351 203 423 249 LIB.
443 203 502 250 XV.
533 203 615 250 CAP.
636 205 664 251 4
851 204 909 256 -l33

107 301 194 356 urbem
204 303 332 368 condidit,
346 303 836 392 ibiquegeminaeoriginismemoriam
847 325 909 362 con·

107 377 221 433 secravit.
224 380 294 432 Nam
310 385 334 432 et
344 379 438 432 urbem
448 395 482 432 ex
492 378 615 432 Antiochi
624 371 706 450 patris
716 381 824 435 nomine
833 381 909 436 Anti-

106 452 204 506 ochiam
219 453 324 507 vocavit
337 461 362 506 et
376 469 482 524 campos
493 453 593 508 viciuos
604 454 666 508 urbi
675 455 790 541 Apollini
804 455 908 511 dicavit.

106 525 252 598 Originis
229 544 287 581 erus
301 535 488 614 argumentum
500 529 578 582 etiam
588 528 617 582 in
627 530 737 614 posteris
746 531 858 586 mansit:
873 532 910 584 si-

106 601 211 672 quidem
223 601 272 655 filii
281 602 910 674 nepotesqueeiusancoraminlemcrevelutino-

105 683 155 728 tam
169 677 273 748 generis
283 676 429 731 naturalem
440 678 563 732 habuere.
593 677 717 732 Multam
731 677 837 734 Oriente
850 689 909 765 post

104 749 261 805 divisionem
282 751 351 805 inter
372 753 456 806 socios
474 769 549 824 regni
542 751 722 806 Macedonici
736 752 805 807 bella
818 756 907 840 gessit.

104 825 234 896 Principio
247 825 419 898 Babyloniam
434 827 516 896 cepit3
538 825 600 879 inde
614 826 696 880 auctis
706 844 739 880 ex
751 828 857 881 victoria
867 829 911 882 vi-

103 899 176 952 ribus
191 900 340 954 Bactrianos
356 901 526 974 expugnavit.
555 900 707 954 Transitum
722 900 834 954 deinde'
826 921 854 956 ru
866 905 910 957 ln-

103 973 173 1027 diam
187 973 255 1040 lecit,
273 993 342 1046 quae
355 983 414 1060 post
424 983 534 1030 mortem
543 974 695 1040 Alexandri,
709 975 790 1031 veluti
801 977 910 1031 cervici-

102 1047 180 1102 bus
172 1065 236 1120 rugo
258 1050 393 1104 servitutis
407 1067 527 1114 excusso,
545 1048 724 1122 praelectus
701 1067 759 1104 erus
773 1050 907 1104 occiderat.

101 1123 199 1178 Auctor
209 1123 337 1177 libertatis
346 1123 531 1179 Sandrocottus
542 1124 637 1179 luerat:
655 1124 702 1178 sed
710 1125 818 1180 titulum
829 1125 909 1179 liber-

102 1199 162 1250 tatis
179 1206 239 1269 post
253 1198 389 1252 victoriam
406 1199 432 1252 in
452 1200 605 1254 servitutem
624 1207 748 1255 verterat:
773 1199 908 1272 siquidem

101 1280 226 1342 occupato
239 1290 322 1346 regno
334 1273 474 1358 populum3
491 1291 571 1345 quem
585 1275 618 1328 ab
634 1282 741 1328 externa
751 1274 909 1329 dominatio-

7 1377 8 1380 =
101 1346 348 1412 revindicaverarj
341 1365 397 1418 ipse
405 1347 512 1402 servitio
521 1349 663 1419 premebat
673 1349 735 1402 Fuit
745 1349 789 1402 hic
798 1349 906 1421 quidem

101 1421 199 1476 humili
200 1439 309 1507 'genere
323 1429 410 1488 natus,
428 1422 476 1476 sed
485 1422 518 1476 ad
528 1440 603 1496 regul
613 1430 764 1494 potestatem
775 1424 908 1478 maiestate
990 1493 991 1496 Ἴ

100 1495 221 1550 numinis
241 1496 389 1568 impulsus:
410 1496 511 1568 quippe
525 1514 610 1568 quum
623 1498 777 1568 procacitate
786 1516 835 1552 sna
847 1497 908 1552 Ale·

98 1571 491 1644 xandrumregemcll'endisset,
499 1570 908 1642 interficiaregeiussussalutem

96 1645 200 1717 pedum
216 1645 345 1700 celeritate
358 1645 588 1718 quaesieratEx.
598 1662 651 1717 qua
662 1645 811 1718 fatigatione
821 1664 908 1717 quum

98 1737 194 1775 somno
208 1729 300 1792 captus
315 1721 415 1786 iaceret,
433 1719 473 1774 lec
486 1720 601 1793 ingentis
615 1718 714 1774 formae
726 1719 760 1774 ad
774 1721 908 1776 dormien-

97 1803 152 1850 tem
169 1795 278 1850 aocessit
290 1795 468 1867 sudoremque
481 1793 653 1866 prclluentem
667 1796 759 1868 lingua
769 1795 792 1849 ei
802 1795 908 1850 detersit

97 1869 366 1944 expergefactumque
385 1870 481 1925 blande
500 1869 617 1942 reliquit.
647 1871 702 1925 Hoc
719 1871 839 1944 prodigio
853 1872 909 1942 pri-

98 1961 178 1999 mum
193 1945 227 1999 ad
243 1963 317 2017 spem
332 1945 407 2018 regni
417 1944 551 2017 impulsus
561 1947 698 2000 contractis
709 1945 855 2001 latronibus
864 1947 909 1999 ln-

95 2019 146 2074 dos
172 2020 207 2074 ad
227 2020 368 2075 novitatem
387 2022 463 2093 regni
485 2019 644 2075 sollicitavit.
676 2020 793 2076 Molienti
813 2020 909 2075 deinde

94 2093 203 2148 bellum
218 2095 346 2149 adversus
361 2095 502 2165 praelectas
517 2095 661 2150 Alexandri
671 2094 826 2166 elephantus
837 2095 908 2148 ferus

95 2168 220 2224 infinitae
235 2170 427 2242 magnitudinis
441 2169 529 2224 ultro
525 2187 553 2224 se
567 2169 661 2224 obtulit
674 2177 699 2223 et
714 2168 794 2222 veluti
810 2169 909 2223 domita

94 2244 305 2300 mansuetudine
319 2262 382 2299 eum
396 2253 469 2318 tergo
484 2244 592 2315 excepit
608 2243 718 2314 duxque
727 2243 790 2296 belli
800 2251 825 2298 et
833 2260 910 2315 prce-

94 2317 204 2373 liator
196 2319 311 2392 insignis
330 2318 390 2375 luit.
420 2319 464 2373 Sic
480 2318 612 2392 adquisito
627 2337 672 2391 re0
656 2335 708 2372 ⁰110
722 2317 909 2374 Sandrccottus

93 2410 126 2446 ea
145 2400 307 2464 tempestate,
324 2412 377 2466 qua
392 2393 516 2449 Seleumrs
530 2393 633 2448 luturae
643 2393 836 2466 magnitudinis
847 2393 910 2447 lun-

93 2467 224 2522 damenta
242 2468 364 2533 iaciebat,
383 2469 486 2523 Indiam
501 2467 663 2539 possidebat.
689 2486 751 2522 cum
770 2487 824 2540 quc
843 2467 909 2520 lacta

93 2544 221 2611 pactione
231 2542 356 2598 Seleucus
367 2543 571 2615 compositisque
581 2544 609 2598 in
620 2543 725 2598 Oriente
735 2542 827 2596 rebus
819 2561 847 2594 m
853 2539 909 2594 bel

93 2615 156 2670 lum
166 2618 443 2704 Antigonidesceudit
463 2617 611 2672 Adunatis'
604 2618 685 2704 igitur
694 2617 815 2671 omnium
826 2614 909 2666 socic-

92 2707 162 2746 rum
174 2692 256 2764 copiis
266 2692 396 2764 proelium
408 2692 593 2748 committitur:
605 2693 634 2746 in
644 2709 674 2746 cc
684 2689 832 2760 Antigonus
841 2686 909 2738 ocei-
