<?xml version="1.0" encoding="UTF-8"?>
<!DOCTYPE html PUBLIC "-//W3C//DTD XHTML 1.0 Transitional//EN"
    "http://www.w3.org/TR/xhtml1/DTD/xhtml1-transitional.dtd">
<html xmlns="http://www.w3.org/1999/xhtml" xml:lang="en" lang="en">
 <head>
  <title>
</title>
<meta http-equiv="Content-Type" content="text/html;charset=utf-8" />
  <meta name='ocr-system' content='tesseract 3.04.00' />
  <meta name='ocr-capabilities' content='ocr_page ocr_carea ocr_par ocr_line ocrx_word'/>
</head>
<body>
  <div class='ocr_page' id='page_1' title='image "./justinihistoria00justgoog_0126.png"; bbox 0 0 1984 3010; ppageno 0'>
   <div class='ocr_carea' id='block_1_1' title="bbox 237 227 875 278">
    <p class='ocr_par' dir='ltr' id='par_1_1' title="bbox 237 227 875 278">
     <span class='ocr_line' id='line_1_1' title="bbox 237 227 875 278; baseline 0.006 -5"><span class='ocrx_word' id='word_1_1' title='bbox 237 241 240 248; x_wconf 70' lang='lat'><strong>⁴</strong></span> <span class='ocrx_word' id='word_1_2' title='bbox 315 230 386 274; x_wconf 88' lang='lat' dir='ltr'>LIB.</span> <span class='ocrx_word' id='word_1_3' title='bbox 406 231 473 275; x_wconf 86' lang='lat' dir='ltr'>XIII.</span> <span class='ocrx_word' id='word_1_4' title='bbox 505 231 582 277; x_wconf 81' lang='lat' dir='ltr'>CAP.</span> <span class='ocrx_word' id='word_1_5' title='bbox 604 232 630 276; x_wconf 87' lang='lat'><strong>1.</strong></span> <span class='ocrx_word' id='word_1_6' title='bbox 827 227 875 278; x_wconf 71' lang='lat' dir='ltr'><strong>llss</strong></span> 
     </span>
    </p>
   </div>
   <div class='ocr_carea' id='block_1_2' title="bbox 69 327 879 1578">
    <p class='ocr_par' dir='ltr' id='par_1_2' title="bbox 69 327 879 1578">
     <span class='ocr_line' id='line_1_2' title="bbox 72 327 877 402; baseline 0.001 -19"><span class='ocrx_word' id='word_1_7' title='bbox 72 327 131 383; x_wconf 86' lang='lat' dir='ltr'><strong>eius</strong></span> <span class='ocrx_word' id='word_1_8' title='bbox 145 327 281 392; x_wconf 79' lang='lat' dir='ltr'><strong>sederunt,</strong></span> <span class='ocrx_word' id='word_1_9' title='bbox 301 346 376 382; x_wconf 84' lang='lat' dir='ltr'><strong>omen</strong></span> <span class='ocrx_word' id='word_1_10' title='bbox 391 329 505 400; x_wconf 87' lang='lat' dir='ltr'><strong>duplicis</strong></span> <span class='ocrx_word' id='word_1_11' title='bbox 523 331 636 402; x_wconf 87' lang='lat' dir='ltr'><strong>imperii,</strong></span> <span class='ocrx_word' id='word_1_12' title='bbox 652 331 772 399; x_wconf 84' lang='lat' dir='ltr'>Europae</span> <span class='ocrx_word' id='word_1_13' title='bbox 786 327 877 384; x_wconf 80' lang='lat' dir='ltr'><strong>Asiae-</strong></span> 
     </span>
     <span class='ocr_line' id='line_1_3' title="bbox 74 402 876 477; baseline 0.005 -22"><span class='ocrx_word' id='word_1_14' title='bbox 74 421 134 475; x_wconf 86' lang='lat' dir='ltr'><strong>que,</strong></span> <span class='ocrx_word' id='word_1_15' title='bbox 157 402 335 474; x_wconf 72' lang='lat' dir='ltr'><strong>praeferentes.</strong></span> <span class='ocrx_word' id='word_1_16' title='bbox 364 404 462 458; x_wconf 90' lang='lat' dir='ltr'><strong>Eadem</strong></span> <span class='ocrx_word' id='word_1_17' title='bbox 483 423 589 477; x_wconf 88' lang='lat' dir='ltr'><strong>quoque</strong></span> <span class='ocrx_word' id='word_1_18' title='bbox 603 406 645 459; x_wconf 89' lang='lat' dir='ltr'><strong>die</strong></span> <span class='ocrx_word' id='word_1_19' title='bbox 666 405 788 460; x_wconf 89' lang='lat' dir='ltr'><strong>nuntium</strong></span> <span class='ocrx_word' id='word_1_20' title='bbox 804 415 876 476; x_wconf 88' lang='lat' dir='ltr'><strong>pater</strong></span> 
     </span>
     <span class='ocr_line' id='line_1_4' title="bbox 73 478 873 552; baseline 0 -20"><span class='ocrx_word' id='word_1_21' title='bbox 73 479 129 532; x_wconf 92' lang='lat' dir='ltr'><strong>eius</strong></span> <span class='ocrx_word' id='word_1_22' title='bbox 138 478 252 531; x_wconf 88' lang='lat' dir='ltr'><strong>duarum</strong></span> <span class='ocrx_word' id='word_1_23' title='bbox 265 478 431 532; x_wconf 89' lang='lat' dir='ltr'><strong>victoriarum</strong></span> <span class='ocrx_word' id='word_1_24' title='bbox 442 481 551 550; x_wconf 84' lang='lat' dir='ltr'><strong>accepit:</strong></span> <span class='ocrx_word' id='word_1_25' title='bbox 565 480 680 542; x_wconf 66' lang='lat' dir='ltr'><strong>alterius</strong></span> <span class='ocrx_word' id='word_1_26' title='bbox 689 479 749 534; x_wconf 88' lang='lat' dir='ltr'><strong>belli</strong></span> <span class='ocrx_word' id='word_1_27' title='bbox 763 479 873 552; x_wconf 76' lang='lat' dir='ltr'><strong>lllyrici3</strong></span> 
     </span>
     <span class='ocr_line' id='line_1_5' title="bbox 73 552 875 627; baseline 0.001 -20"><span class='ocrx_word' id='word_1_28' title='bbox 73 552 192 616; x_wconf 75' lang='lat' dir='ltr'><strong>alterum,</strong></span> <span class='ocrx_word' id='word_1_29' title='bbox 216 553 365 606; x_wconf 80' lang='lat' dir='ltr'><strong>certaminis</strong></span> <span class='ocrx_word' id='word_1_30' title='bbox 386 553 527 627; x_wconf 78' lang='lat' dir='ltr'><strong>Olympici,</strong></span> <span class='ocrx_word' id='word_1_31' title='bbox 553 555 579 608; x_wconf 93' lang='lat' dir='ltr'><strong>in</strong></span> <span class='ocrx_word' id='word_1_32' title='bbox 597 555 669 626; x_wconf 85' lang='lat' dir='ltr'><strong>quod</strong></span> <span class='ocrx_word' id='word_1_33' title='bbox 684 554 875 627; x_wconf 82' lang='lat' dir='ltr'><strong>quadrigarum</strong></span> 
     </span>
     <span class='ocr_line' id='line_1_6' title="bbox 73 627 877 698; baseline 0.001 -16"><span class='ocrx_word' id='word_1_34' title='bbox 73 645 166 682; x_wconf 87' lang='lat' dir='ltr'><strong>currus</strong></span> <span class='ocrx_word' id='word_1_35' title='bbox 183 627 303 682; x_wconf 80' lang='lat' dir='ltr'><strong>miserat:</strong></span> <span class='ocrx_word' id='word_1_36' title='bbox 325 627 396 698; x_wconf 89' lang='lat' dir='ltr'><strong>quod</strong></span> <span class='ocrx_word' id='word_1_37' title='bbox 410 646 486 682; x_wconf 87' lang='lat' dir='ltr'><strong>omen</strong></span> <span class='ocrx_word' id='word_1_38' title='bbox 498 629 681 682; x_wconf 89' lang='lat' dir='ltr'><strong>universarum</strong></span> <span class='ocrx_word' id='word_1_39' title='bbox 695 636 821 682; x_wconf 88' lang='lat' dir='ltr'><strong>terrarum</strong></span> <span class='ocrx_word' id='word_1_40' title='bbox 836 631 877 683; x_wconf 92' lang='lat' dir='ltr'><strong>vi·</strong></span> 
     </span>
     <span class='ocr_line' id='line_1_7' title="bbox 73 701 875 772; baseline 0.001 -16"><span class='ocrx_word' id='word_1_41' title='bbox 73 703 179 756; x_wconf 87' lang='lat' dir='ltr'><strong>otoriam</strong></span> <span class='ocrx_word' id='word_1_42' title='bbox 195 701 285 754; x_wconf 83' lang='lat' dir='ltr'><strong>infanti</strong></span> <span class='ocrx_word' id='word_1_43' title='bbox 298 703 475 772; x_wconf 86' lang='lat' dir='ltr'><strong>portendebat.</strong></span> <span class='ocrx_word' id='word_1_44' title='bbox 506 704 573 756; x_wconf 82' lang='lat' dir='ltr'><strong>Puer</strong></span> <span class='ocrx_word' id='word_1_45' title='bbox 584 703 717 756; x_wconf 88' lang='lat' dir='ltr'><strong>aoerrimis</strong></span> <span class='ocrx_word' id='word_1_46' title='bbox 731 703 875 757; x_wconf 83' lang='lat' dir='ltr'><strong>litterarum</strong></span> 
     </span>
     <span class='ocr_line' id='line_1_8' title="bbox 73 776 875 848; baseline -0.001 -17"><span class='ocrx_word' id='word_1_47' title='bbox 73 777 167 831; x_wconf 85' lang='lat' dir='ltr'><strong>studiis</strong></span> <span class='ocrx_word' id='word_1_48' title='bbox 184 777 302 830; x_wconf 86' lang='lat' dir='ltr'><strong>eruditus</strong></span> <span class='ocrx_word' id='word_1_49' title='bbox 320 776 378 830; x_wconf 88' lang='lat' dir='ltr'><strong>luit.</strong></span> <span class='ocrx_word' id='word_1_50' title='bbox 409 778 505 832; x_wconf 87' lang='lat' dir='ltr'><strong>Exacta</strong></span> <span class='ocrx_word' id='word_1_51' title='bbox 518 778 627 848; x_wconf 89' lang='lat' dir='ltr'><strong>pueritia</strong></span> <span class='ocrx_word' id='word_1_52' title='bbox 639 794 684 846; x_wconf 90' lang='lat' dir='ltr'><strong>per</strong></span> <span class='ocrx_word' id='word_1_53' title='bbox 694 778 875 847; x_wconf 87' lang='lat' dir='ltr'><strong>quinquenni-</strong></span> 
     </span>
     <span class='ocr_line' id='line_1_9' title="bbox 73 850 877 925; baseline 0.001 -20"><span class='ocrx_word' id='word_1_54' title='bbox 73 870 117 906; x_wconf 88' lang='lat' dir='ltr'><strong>um</strong></span> <span class='ocrx_word' id='word_1_55' title='bbox 129 852 181 905; x_wconf 91' lang='lat' dir='ltr'><strong>sub</strong></span> <span class='ocrx_word' id='word_1_56' title='bbox 193 850 327 905; x_wconf 76' lang='lat' dir='ltr'><strong>Aristotele</strong></span> <span class='ocrx_word' id='word_1_57' title='bbox 338 851 448 913; x_wconf 80' lang='lat' dir='ltr'><strong>doctore,</strong></span> <span class='ocrx_word' id='word_1_58' title='bbox 463 852 561 925; x_wconf 73' lang='lat' dir='ltr'><strong>inclyto</strong></span> <span class='ocrx_word' id='word_1_59' title='bbox 575 852 695 907; x_wconf 92' lang='lat' dir='ltr'><strong>omnium</strong></span> <span class='ocrx_word' id='word_1_60' title='bbox 708 851 877 921; x_wconf 85' lang='lat' dir='ltr'><strong>philosopho·</strong></span> 
     </span>
     <span class='ocr_line' id='line_1_10' title="bbox 73 926 877 997; baseline 0 -17"><span class='ocrx_word' id='word_1_61' title='bbox 73 945 140 987; x_wconf 88' lang='lat' dir='ltr'><strong>rum,</strong></span> <span class='ocrx_word' id='word_1_62' title='bbox 153 926 244 980; x_wconf 74' lang='lat' dir='ltr'><strong>crevit.</strong></span> <span class='ocrx_word' id='word_1_63' title='bbox 258 928 368 996; x_wconf 77' lang='lat' dir='ltr'><strong>Accepto</strong></span> <span class='ocrx_word' id='word_1_64' title='bbox 378 926 472 980; x_wconf 85' lang='lat' dir='ltr'><strong>‹loinde</strong></span> <span class='ocrx_word' id='word_1_65' title='bbox 483 927 600 997; x_wconf 83' lang='lat' dir='ltr'><strong>imperio,</strong></span> <span class='ocrx_word' id='word_1_66' title='bbox 614 945 698 994; x_wconf 73' lang='lat' dir='ltr'><strong>rupem</strong></span> <span class='ocrx_word' id='word_1_67' title='bbox 707 944 734 980; x_wconf 81' lang='lat' dir='ltr'><strong>se</strong></span> <span class='ocrx_word' id='word_1_68' title='bbox 746 935 877 980; x_wconf 78' lang='lat' dir='ltr'><strong>terrorum</strong></span> 
     </span>
     <span class='ocr_line' id='line_1_11' title="bbox 72 1001 876 1072; baseline -0.001 -16"><span class='ocrx_word' id='word_1_69' title='bbox 72 1007 185 1056; x_wconf 85' lang='lat' dir='ltr'><strong>omnium</strong></span> <span class='ocrx_word' id='word_1_70' title='bbox 195 1019 227 1054; x_wconf 84' lang='lat' dir='ltr'><strong>nc</strong></span> <span class='ocrx_word' id='word_1_71' title='bbox 238 1006 327 1054; x_wconf 77' lang='lat' dir='ltr'><strong>raaudi</strong></span> <span class='ocrx_word' id='word_1_72' title='bbox 340 1001 464 1072; x_wconf 91' lang='lat' dir='ltr'><strong>appellari</strong></span> <span class='ocrx_word' id='word_1_73' title='bbox 477 1002 565 1065; x_wconf 87' lang='lat' dir='ltr'><strong>iussit;</strong></span> <span class='ocrx_word' id='word_1_74' title='bbox 589 1010 740 1072; x_wconf 77' lang='lat' dir='ltr'><strong>tantamque</strong></span> <span class='ocrx_word' id='word_1_75' title='bbox 752 1001 876 1055; x_wconf 82' lang='lat' dir='ltr'><strong>liduciam</strong></span> 
     </span>
     <span class='ocr_line' id='line_1_12' title="bbox 71 1074 876 1146; baseline 0.001 -17"><span class='ocrx_word' id='word_1_76' title='bbox 71 1077 111 1130; x_wconf 92' lang='lat' dir='ltr'><strong>sui</strong></span> <span class='ocrx_word' id='word_1_77' title='bbox 129 1075 259 1128; x_wconf 84' lang='lat' dir='ltr'><strong>militibus</strong></span> <span class='ocrx_word' id='word_1_78' title='bbox 274 1074 339 1138; x_wconf 83' lang='lat' dir='ltr'><strong>leoit,</strong></span> <span class='ocrx_word' id='word_1_79' title='bbox 358 1085 386 1128; x_wconf 92' lang='lat' dir='ltr'><strong>ut</strong></span> <span class='ocrx_word' id='word_1_80' title='bbox 398 1075 441 1130; x_wconf 93' lang='lat' dir='ltr'><strong>illo</strong></span> <span class='ocrx_word' id='word_1_81' title='bbox 457 1085 589 1146; x_wconf 83' lang='lat' dir='ltr'><strong>praesente</strong></span> <span class='ocrx_word' id='word_1_82' title='bbox 600 1076 701 1129; x_wconf 88' lang='lat' dir='ltr'><strong>rmllius</strong></span> <span class='ocrx_word' id='word_1_83' title='bbox 712 1077 792 1130; x_wconf 85' lang='lat' dir='ltr'><strong>hostis</strong></span> <span class='ocrx_word' id='word_1_84' title='bbox 803 1095 876 1130; x_wconf 89' lang='lat' dir='ltr'><strong>arma</strong></span> 
     </span>
     <span class='ocr_line' id='line_1_13' title="bbox 72 1150 876 1223; baseline 0.001 -19"><span class='ocrx_word' id='word_1_85' title='bbox 72 1169 118 1204; x_wconf 85' lang='lat' dir='ltr'><strong>neo</strong></span> <span class='ocrx_word' id='word_1_86' title='bbox 128 1151 241 1204; x_wconf 85' lang='lat' dir='ltr'><strong>inermes</strong></span> <span class='ocrx_word' id='word_1_87' title='bbox 254 1150 398 1204; x_wconf 87' lang='lat' dir='ltr'><strong>timuerint.</strong></span> <span class='ocrx_word' id='word_1_88' title='bbox 430 1153 518 1223; x_wconf 85' lang='lat' dir='ltr'><strong>ltaque</strong></span> <span class='ocrx_word' id='word_1_89' title='bbox 529 1168 588 1205; x_wconf 88' lang='lat' dir='ltr'><strong>oum</strong></span> <span class='ocrx_word' id='word_1_90' title='bbox 602 1150 676 1204; x_wconf 93' lang='lat' dir='ltr'><strong>nullo</strong></span> <span class='ocrx_word' id='word_1_91' title='bbox 687 1151 802 1204; x_wconf 85' lang='lat' dir='ltr'><strong>hostium</strong></span> <span class='ocrx_word' id='word_1_92' title='bbox 816 1169 876 1205; x_wconf 93' lang='lat' dir='ltr'><strong>um-</strong></span> 
     </span>
     <span class='ocr_line' id='line_1_14' title="bbox 72 1225 874 1298; baseline 0.001 -19"><span class='ocrx_word' id='word_1_93' title='bbox 72 1243 152 1296; x_wconf 86' lang='lat' dir='ltr'><strong>quam</strong></span> <span class='ocrx_word' id='word_1_94' title='bbox 166 1243 323 1298; x_wconf 85' lang='lat' dir='ltr'><strong>oongressus</strong></span> <span class='ocrx_word' id='word_1_95' title='bbox 333 1232 380 1286; x_wconf 76' lang='lat' dir='ltr'><strong>est,</strong></span> <span class='ocrx_word' id='word_1_96' title='bbox 393 1243 473 1297; x_wconf 88' lang='lat' dir='ltr'><strong>quem</strong></span> <span class='ocrx_word' id='word_1_97' title='bbox 486 1243 536 1279; x_wconf 91' lang='lat' dir='ltr'><strong>non</strong></span> <span class='ocrx_word' id='word_1_98' title='bbox 551 1227 652 1289; x_wconf 61' lang='lat' dir='ltr'><strong>vicerim</strong></span> <span class='ocrx_word' id='word_1_99' title='bbox 670 1225 769 1279; x_wconf 91' lang='lat' dir='ltr'><strong>nullam</strong></span> <span class='ocrx_word' id='word_1_100' title='bbox 782 1227 874 1280; x_wconf 78' lang='lat' dir='ltr'><strong>urbem</strong></span> 
     </span>
     <span class='ocr_line' id='line_1_15' title="bbox 70 1300 873 1372; baseline 0 -18"><span class='ocrx_word' id='word_1_101' title='bbox 70 1300 180 1362; x_wconf 74' lang='lat' dir='ltr'><strong>obsedit,</strong></span> <span class='ocrx_word' id='word_1_102' title='bbox 190 1317 271 1370; x_wconf 85' lang='lat' dir='ltr'><strong>quam</strong></span> <span class='ocrx_word' id='word_1_103' title='bbox 285 1317 336 1353; x_wconf 91' lang='lat' dir='ltr'><strong>non</strong></span> <span class='ocrx_word' id='word_1_104' title='bbox 346 1301 551 1372; x_wconf 78' lang='lat' dir='ltr'><strong>expugnaverit,</strong></span> <span class='ocrx_word' id='word_1_105' title='bbox 574 1300 674 1354; x_wconf 91' lang='lat' dir='ltr'><strong>nullam</strong></span> <span class='ocrx_word' id='word_1_106' title='bbox 685 1309 788 1372; x_wconf 83' lang='lat' dir='ltr'><strong>gentem</strong></span> <span class='ocrx_word' id='word_1_107' title='bbox 800 1302 873 1365; x_wconf 82' lang='lat' dir='ltr'><strong>adiit,</strong></span> 
     </span>
     <span class='ocr_line' id='line_1_16' title="bbox 69 1374 875 1446; baseline 0.001 -18"><span class='ocrx_word' id='word_1_108' title='bbox 69 1393 151 1446; x_wconf 90' lang='lat' dir='ltr'><strong>quam</strong></span> <span class='ocrx_word' id='word_1_109' title='bbox 173 1393 224 1428; x_wconf 93' lang='lat' dir='ltr'><strong>non</strong></span> <span class='ocrx_word' id='word_1_110' title='bbox 245 1374 392 1428; x_wconf 80' lang='lat' dir='ltr'><strong>calcaverit.</strong></span> <span class='ocrx_word' id='word_1_111' title='bbox 424 1375 512 1429; x_wconf 82' lang='lat' dir='ltr'><strong>Victus</strong></span> <span class='ocrx_word' id='word_1_112' title='bbox 531 1375 645 1446; x_wconf 86' lang='lat' dir='ltr'><strong>denique</strong></span> <span class='ocrx_word' id='word_1_113' title='bbox 662 1375 695 1427; x_wconf 86' lang='lat' dir='ltr'><strong>ad</strong></span> <span class='ocrx_word' id='word_1_114' title='bbox 713 1384 875 1444; x_wconf 84' lang='lat' dir='ltr'><strong>postremum</strong></span> 
     </span>
     <span class='ocr_line' id='line_1_17' title="bbox 70 1448 879 1514; baseline 0 -10"><span class='ocrx_word' id='word_1_115' title='bbox 70 1458 175 1504; x_wconf 81' lang='lat' dir='ltr'><strong>estnon</strong></span> <span class='ocrx_word' id='word_1_116' title='bbox 192 1450 287 1504; x_wconf 82' lang='lat' dir='ltr'><strong>virtute</strong></span> <span class='ocrx_word' id='word_1_117' title='bbox 297 1448 396 1514; x_wconf 84' lang='lat' dir='ltr'><strong>hostili,</strong></span> <span class='ocrx_word' id='word_1_118' title='bbox 413 1449 459 1502; x_wconf 86' lang='lat' dir='ltr'><strong>sed</strong></span> <span class='ocrx_word' id='word_1_119' title='bbox 470 1450 575 1504; x_wconf 89' lang='lat' dir='ltr'><strong>insidiis</strong></span> <span class='ocrx_word' id='word_1_120' title='bbox 584 1467 695 1504; x_wconf 92' lang='lat' dir='ltr'><strong>suorum</strong></span> <span class='ocrx_word' id='word_1_121' title='bbox 704 1459 730 1502; x_wconf 89' lang='lat' dir='ltr'><strong>et</strong></span> <span class='ocrx_word' id='word_1_122' title='bbox 738 1449 830 1504; x_wconf 85' lang='lat' dir='ltr'><strong>lraudo</strong></span> <span class='ocrx_word' id='word_1_123' title='bbox 838 1451 879 1503; x_wconf 87' lang='lat' dir='ltr'><strong>ci-</strong></span> 
     </span>
     <span class='ocr_line' id='line_1_18' title="bbox 71 1523 127 1578; baseline 0 0"><span class='ocrx_word' id='word_1_124' title='bbox 71 1523 127 1578; x_wconf 87' lang='lat' dir='ltr'><strong>vili.</strong></span> 
     </span>
    </p>
   </div>
   <div class='ocr_carea' id='block_1_3' title="bbox 371 1657 573 1692">
    <p class='ocr_par' dir='ltr' id='par_1_3' title="bbox 371 1657 573 1692">
     <span class='ocr_line' id='line_1_19' title="bbox 371 1657 573 1692; baseline 0 0"><span class='ocrx_word' id='word_1_125' title='bbox 371 1657 573 1692; x_wconf 58' lang='lat'><strong>*⁴⁸⁰⁰*—</strong></span> 
     </span>
    </p>
   </div>
   <div class='ocr_carea' id='block_1_4' title="bbox 287 1861 658 1935">
    <p class='ocr_par' dir='ltr' id='par_1_4' title="bbox 287 1861 658 1935">
     <span class='ocr_line' id='line_1_20' title="bbox 287 1861 658 1935; baseline 0.003 -3"><span class='ocrx_word' id='word_1_126' title='bbox 287 1877 486 1935; x_wconf 77' lang='lat' dir='ltr'><strong>Lrnnu</strong></span> <span class='ocrx_word' id='word_1_127' title='bbox 544 1861 658 1934; x_wconf 82' lang='lat' dir='ltr'><strong>xrr&#39;r.</strong></span> 
     </span>
    </p>
   </div>
   <div class='ocr_carea' id='block_1_5' title="bbox 373 1999 576 2025">
    <p class='ocr_par' dir='ltr' id='par_1_5' title="bbox 373 1999 576 2025">
     <span class='ocr_line' id='line_1_21' title="bbox 373 1999 576 2025; baseline 0.005 -1"><span class='ocrx_word' id='word_1_128' title='bbox 373 1999 576 2025; x_wconf 70' lang='lat'>2======</span> 
     </span>
    </p>
   </div>
   <div class='ocr_carea' id='block_1_6' title="bbox 69 2085 875 2378">
    <p class='ocr_par' dir='ltr' id='par_1_6' title="bbox 69 2085 875 2378">
     <span class='ocr_line' id='line_1_22' title="bbox 69 2085 875 2137; baseline -0.001 -13"><span class='ocrx_word' id='word_1_129' title='bbox 69 2087 115 2124; x_wconf 80' lang='lat' dir='ltr'><strong>An</strong></span> <span class='ocrx_word' id='word_1_130' title='bbox 122 2089 147 2125; x_wconf 89' lang='lat' dir='ltr'><strong>G.</strong></span> <span class='ocrx_word' id='word_1_131' title='bbox 164 2089 214 2137; x_wconf 79' lang='lat' dir='ltr'><strong>Cap.</strong></span> <span class='ocrx_word' id='word_1_132' title='bbox 225 2092 255 2124; x_wconf 86' lang='lat' dir='ltr'><strong>l-</strong></span> <span class='ocrx_word' id='word_1_133' title='bbox 263 2090 281 2125; x_wconf 81' lang='grc'><strong>8.</strong></span> <span class='ocrx_word' id='word_1_134' title='bbox 289 2087 368 2122; x_wconf 82' lang='lat' dir='ltr'><strong>Durum</strong></span> <span class='ocrx_word' id='word_1_135' title='bbox 380 2087 552 2134; x_wconf 76' lang='lat' dir='ltr'><strong>lllaeerlonumqua</strong></span> <span class='ocrx_word' id='word_1_136' title='bbox 562 2093 605 2135; x_wconf 79' lang='lat' dir='ltr'><strong>post</strong></span> <span class='ocrx_word' id='word_1_137' title='bbox 615 2085 729 2125; x_wconf 79' lang='lat' dir='ltr'><strong>Alexandri</strong></span> <span class='ocrx_word' id='word_1_138' title='bbox 739 2092 822 2122; x_wconf 86' lang='lat' dir='ltr'><strong>mortem</strong></span> <span class='ocrx_word' id='word_1_139' title='bbox 831 2098 875 2123; x_wconf 84' lang='lat' dir='ltr'><strong>rno-</strong></span> 
     </span>
     <span class='ocr_line' id='line_1_23' title="bbox 117 2148 873 2197; baseline -0.004 -9"><span class='ocrx_word' id='word_1_140' title='bbox 117 2151 195 2188; x_wconf 77' lang='lat' dir='ltr'><strong>limina.</strong></span> <span class='ocrx_word' id='word_1_141' title='bbox 208 2155 228 2187; x_wconf 90' lang='grc'><strong>4.</strong></span> <span class='ocrx_word' id='word_1_142' title='bbox 238 2149 340 2187; x_wconf 78' lang='lat' dir='ltr'><strong>Arirlauus</strong></span> <span class='ocrx_word' id='word_1_143' title='bbox 354 2163 388 2186; x_wconf 79' lang='lat' dir='ltr'><strong>rux</strong></span> <span class='ocrx_word' id='word_1_144' title='bbox 403 2149 526 2197; x_wconf 73' lang='lat' dir='ltr'><strong>designatur.</strong></span> <span class='ocrx_word' id='word_1_145' title='bbox 548 2149 616 2186; x_wconf 82' lang='lat' dir='ltr'><strong>Duces</strong></span> <span class='ocrx_word' id='word_1_146' title='bbox 628 2148 741 2196; x_wconf 74' lang='lat' dir='ltr'><strong>provincifls</strong></span> <span class='ocrx_word' id='word_1_147' title='bbox 751 2149 804 2184; x_wconf 79' lang='lat' dir='ltr'><strong>intur</strong></span> <span class='ocrx_word' id='word_1_148' title='bbox 813 2163 834 2184; x_wconf 72' lang='lat' dir='ltr'><strong>se</strong></span> <span class='ocrx_word' id='word_1_149' title='bbox 843 2149 873 2185; x_wconf 89' lang='lat' dir='ltr'><strong>di-</strong></span> 
     </span>
     <span class='ocr_line' id='line_1_24' title="bbox 115 2211 875 2251; baseline -0.003 -1"><span class='ocrx_word' id='word_1_150' title='bbox 115 2213 196 2251; x_wconf 84' lang='lat' dir='ltr'><strong>vidunt.</strong></span> <span class='ocrx_word' id='word_1_151' title='bbox 214 2217 233 2250; x_wconf 83' lang='lat'><strong>5.</strong></span> <span class='ocrx_word' id='word_1_152' title='bbox 244 2211 340 2250; x_wconf 77' lang='lat' dir='ltr'><strong>Graeciae</strong></span> <span class='ocrx_word' id='word_1_153' title='bbox 350 2213 459 2248; x_wconf 74' lang='lat' dir='ltr'><strong>molimina.</strong></span> <span class='ocrx_word' id='word_1_154' title='bbox 476 2213 629 2249; x_wconf 72' lang='lat' dir='ltr'><strong>Demosthenes.</strong></span> <span class='ocrx_word' id='word_1_155' title='bbox 650 2216 669 2248; x_wconf 80' lang='grc'><strong>6.</strong></span> <span class='ocrx_word' id='word_1_156' title='bbox 681 2211 794 2248; x_wconf 67' lang='lat' dir='ltr'><strong>Perdiccas.</strong></span> <span class='ocrx_word' id='word_1_157' title='bbox 812 2211 875 2250; x_wconf 79' lang='lat' dir='ltr'><strong>Anti·</strong></span> 
     </span>
     <span class='ocr_line' id='line_1_25' title="bbox 116 2275 874 2326; baseline -0.001 -13"><span class='ocrx_word' id='word_1_158' title='bbox 116 2289 186 2325; x_wconf 72' lang='lat' dir='ltr'><strong>gonua-</strong></span> <span class='ocrx_word' id='word_1_159' title='bbox 201 2277 336 2314; x_wconf 80' lang='lat' dir='ltr'><strong>Ptolemaeus.</strong></span> <span class='ocrx_word' id='word_1_160' title='bbox 353 2281 371 2313; x_wconf 86' lang='lat'><strong>7.</strong></span> <span class='ocrx_word' id='word_1_161' title='bbox 383 2277 460 2326; x_wconf 80' lang='lat' dir='ltr'><strong>Cyrene</strong></span> <span class='ocrx_word' id='word_1_162' title='bbox 471 2275 524 2312; x_wconf 66' lang='lat' dir='ltr'><strong>urla.</strong></span> <span class='ocrx_word' id='word_1_163' title='bbox 545 2280 564 2313; x_wconf 80' lang='grc' dir='ltr'><strong>ὃ.</strong></span> <span class='ocrx_word' id='word_1_164' title='bbox 575 2277 702 2312; x_wconf 67' lang='lat' dir='ltr'><strong>Ptolemaeus</strong></span> <span class='ocrx_word' id='word_1_165' title='bbox 712 2281 781 2311; x_wconf 75' lang='lat' dir='ltr'><strong>contr·</strong></span> <span class='ocrx_word' id='word_1_166' title='bbox 791 2275 874 2314; x_wconf 74' lang='lat' dir='ltr'><strong>Perdis·</strong></span> 
     </span>
     <span class='ocr_line' id='line_1_26' title="bbox 115 2341 302 2378; baseline 0 -2"><span class='ocrx_word' id='word_1_167' title='bbox 115 2353 165 2377; x_wconf 75' lang='lat' dir='ltr'><strong>nam.</strong></span> <span class='ocrx_word' id='word_1_168' title='bbox 191 2341 302 2378; x_wconf 78' lang='lat' dir='ltr'><strong>Eumenes.</strong></span> 
     </span>
    </p>
   </div>
   <div class='ocr_carea' id='block_1_7' title="bbox 7 2415 876 2790">
    <p class='ocr_par' dir='ltr' id='par_1_7' title="bbox 7 2415 876 2790">
     <span class='ocr_line' id='line_1_27' title="bbox 124 2415 874 2492; baseline -0.001 -15"><span class='ocrx_word' id='word_1_169' title='bbox 124 2415 171 2492; x_wconf 66' lang='lat' dir='ltr'><strong>Cp</strong></span> <span class='ocrx_word' id='word_1_170' title='bbox 179 2443 201 2476; x_wconf 84' lang='lat' dir='ltr'><strong>r.</strong></span> <span class='ocrx_word' id='word_1_171' title='bbox 214 2422 384 2490; x_wconf 75' lang='lat' dir='ltr'><strong>LExstinetn</strong></span> <span class='ocrx_word' id='word_1_172' title='bbox 396 2421 421 2475; x_wconf 88' lang='lat' dir='ltr'><strong>in</strong></span> <span class='ocrx_word' id='word_1_173' title='bbox 433 2421 491 2492; x_wconf 87' lang='lat' dir='ltr'><strong>ipso</strong></span> <span class='ocrx_word' id='word_1_174' title='bbox 501 2422 589 2475; x_wconf 86' lang='lat' dir='ltr'><strong>aetatis</strong></span> <span class='ocrx_word' id='word_1_175' title='bbox 599 2429 625 2475; x_wconf 87' lang='lat' dir='ltr'><strong>et</strong></span> <span class='ocrx_word' id='word_1_176' title='bbox 634 2422 801 2477; x_wconf 79' lang='lat' dir='ltr'><strong>victoriarum</strong></span> <span class='ocrx_word' id='word_1_177' title='bbox 813 2422 874 2478; x_wconf 85' lang='lat' dir='ltr'><strong>lloro</strong></span> 
     </span>
     <span class='ocr_line' id='line_1_28' title="bbox 72 2493 875 2570; baseline 0 -22"><span class='ocrx_word' id='word_1_178' title='bbox 72 2493 220 2551; x_wconf 71' lang='lat' dir='ltr'><strong>Alexandro</strong></span> <span class='ocrx_word' id='word_1_179' title='bbox 226 2499 321 2570; x_wconf 76' lang='lat' dir='ltr'><strong>Magno</strong></span> <span class='ocrx_word' id='word_1_180' title='bbox 332 2497 404 2551; x_wconf 81' lang='lat' dir='ltr'><strong>triste</strong></span> <span class='ocrx_word' id='word_1_181' title='bbox 413 2497 482 2566; x_wconf 86' lang='lat' dir='ltr'><strong>apml</strong></span> <span class='ocrx_word' id='word_1_182' title='bbox 494 2514 585 2550; x_wconf 93' lang='lat' dir='ltr'><strong>omnes</strong></span> <span class='ocrx_word' id='word_1_183' title='bbox 596 2506 644 2550; x_wconf 88' lang='lat' dir='ltr'><strong>tota</strong></span> <span class='ocrx_word' id='word_1_184' title='bbox 652 2497 783 2570; x_wconf 82' lang='lat' dir='ltr'><strong>Babylone</strong></span> <span class='ocrx_word' id='word_1_185' title='bbox 794 2497 875 2548; x_wconf 87' lang='lat' dir='ltr'><strong>silen-</strong></span> 
     </span>
     <span class='ocr_line' id='line_1_29' title="bbox 7 2569 874 2646; baseline -0.002 -26"><span class='ocrx_word' id='word_1_186' title='bbox 7 2637 8 2646; x_wconf 11' lang='grc' dir='ltr'>ἵ</span> <span class='ocrx_word' id='word_1_187' title='bbox 70 2569 136 2624; x_wconf 90' lang='lat' dir='ltr'><strong>tium</strong></span> <span class='ocrx_word' id='word_1_188' title='bbox 149 2571 208 2624; x_wconf 89' lang='lat' dir='ltr'><strong>luit.</strong></span> <span class='ocrx_word' id='word_1_189' title='bbox 238 2572 288 2626; x_wconf 85' lang='lat' dir='ltr'><strong>Serl</strong></span> <span class='ocrx_word' id='word_1_190' title='bbox 307 2589 353 2626; x_wconf 87' lang='lat' dir='ltr'><strong>uec</strong></span> <span class='ocrx_word' id='word_1_191' title='bbox 366 2571 482 2624; x_wconf 84' lang='lat' dir='ltr'><strong>devictae</strong></span> <span class='ocrx_word' id='word_1_192' title='bbox 495 2581 584 2643; x_wconf 74' lang='lat' dir='ltr'><strong>gentes</strong></span> <span class='ocrx_word' id='word_1_193' title='bbox 597 2571 673 2624; x_wconf 85' lang='lat' dir='ltr'><strong>lirlem</strong></span> <span class='ocrx_word' id='word_1_194' title='bbox 686 2571 778 2624; x_wconf 91' lang='lat' dir='ltr'><strong>nuntio</strong></span> <span class='ocrx_word' id='word_1_195' title='bbox 790 2571 874 2620; x_wconf 85' lang='lat' dir='ltr'><strong>habu-</strong></span> 
     </span>
     <span class='ocr_line' id='line_1_30' title="bbox 68 2643 874 2717; baseline -0.01 -21"><span class='ocrx_word' id='word_1_196' title='bbox 68 2655 155 2706; x_wconf 79' lang='lat' dir='ltr'><strong>erunt,</strong></span> <span class='ocrx_word' id='word_1_197' title='bbox 172 2645 242 2717; x_wconf 87' lang='lat' dir='ltr'><strong>quod</strong></span> <span class='ocrx_word' id='word_1_198' title='bbox 263 2655 293 2700; x_wconf 93' lang='lat' dir='ltr'><strong>ut</strong></span> <span class='ocrx_word' id='word_1_199' title='bbox 312 2647 439 2698; x_wconf 81' lang='lat' dir='ltr'><strong>invictum</strong></span> <span class='ocrx_word' id='word_1_200' title='bbox 459 2663 560 2715; x_wconf 64' lang='lat' dir='ltr'><strong>rogem,</strong></span> <span class='ocrx_word' id='word_1_201' title='bbox 579 2645 612 2698; x_wconf 89' lang='lat' dir='ltr'><strong>ita</strong></span> <span class='ocrx_word' id='word_1_202' title='bbox 630 2643 801 2715; x_wconf 85' lang='lat' dir='ltr'><strong>immortalem</strong></span> <span class='ocrx_word' id='word_1_203' title='bbox 817 2655 874 2690; x_wconf 86' lang='lat' dir='ltr'><strong>esse</strong></span> 
     </span>
     <span class='ocr_line' id='line_1_31' title="bbox 7 2713 876 2790; baseline -0.008 -22"><span class='ocrx_word' id='word_1_204' title='bbox 7 2757 8 2760; x_wconf 16' lang='grc' dir='ltr'>η</span> <span class='ocrx_word' id='word_1_205' title='bbox 68 2718 245 2775; x_wconf 73' lang='lat' dir='ltr'><strong>crerliilornnt:</strong></span> <span class='ocrx_word' id='word_1_206' title='bbox 271 2720 446 2784; x_wconf 79' lang='lat' dir='ltr'><strong>reoordantes,</strong></span> <span class='ocrx_word' id='word_1_207' title='bbox 468 2719 570 2790; x_wconf 85' lang='lat' dir='ltr'><strong>quoties</strong></span> <span class='ocrx_word' id='word_1_208' title='bbox 585 2719 711 2789; x_wconf 78' lang='lat' dir='ltr'><strong>praesenti</strong></span> <span class='ocrx_word' id='word_1_209' title='bbox 728 2713 805 2768; x_wconf 91' lang='lat' dir='ltr'><strong>morti</strong></span> <span class='ocrx_word' id='word_1_210' title='bbox 819 2727 876 2763; x_wconf 80' lang='lat' dir='ltr'><strong>era-</strong></span> 
     </span>
    </p>
   </div>
   <div class='ocr_carea' id='block_1_8' title="bbox 111 2806 781 2866">
    <p class='ocr_par' dir='ltr' id='par_1_8' title="bbox 111 2806 781 2866">
     <span class='ocr_line' id='line_1_32' title="bbox 111 2806 781 2866; baseline 0.009 -6"><span class='ocrx_word' id='word_1_211' title='bbox 111 2808 223 2866; x_wconf 85' lang='lat' dir='ltr'><strong>lusrmus.</strong></span> <span class='ocrx_word' id='word_1_212' title='bbox 686 2806 707 2855; x_wconf 82' lang='grc' dir='ltr'>Η</span> <span class='ocrx_word' id='word_1_213' title='bbox 778 2829 781 2835; x_wconf 83' lang='grc'><strong>’</strong></span> 
     </span>
    </p>
   </div>
   <div class='ocr_carea' id='block_1_9' title="bbox 0 0 996 3010">
    <p class='ocr_par' dir='ltr' id='par_1_9' title="bbox 0 0 996 3010">
     <span class='ocr_line' id='line_1_33' title="bbox 0 0 996 3010; baseline 0 1"><span class='ocrx_word' id='word_1_214' title='bbox 0 0 996 3010; x_wconf 95' lang='lat' dir='ltr'><strong> </strong></span> 
     </span>
    </p>
   </div>
  </div>
 </body>
</html>
