2014 3000
362 189 435 236 LIB.
455 188 489 237 V.
520 190 598 237 cAP.
619 189 645 236 9.
873 185 905 236 53

96 285 189 340 ranni.
212 286 338 360 quippea
347 289 478 360 principio
489 289 536 345 tria
545 289 629 345 millia
639 289 692 344 sibi
701 289 845 344 satellitum
854 297 908 344 sta-

96 367 186 424 tuunt,
194 370 326 432 quantum
337 381 370 418 ex
380 371 416 418 tot
425 364 546 419 cladibus
556 382 637 436 prope
646 381 695 420 nec
706 365 806 420 civium
812 382 907 436 super-

96 435 195 489 iuerat:
218 444 252 500 et,
270 439 348 508 quasi
362 456 462 509 parvus
476 439 520 492 hic
532 439 565 494 ad
578 439 764 494 continendam
773 439 906 496 civitatem

98 510 230 564 exercitus
240 520 316 577 esset,
330 514 507 586 septingentos
522 515 619 568 milites
629 533 644 568 a
654 515 798 569 victoribus
809 515 905 586 accipi-

97 591 155 640 unt.
186 584 285 640 Caedes
300 587 394 642 deinde
410 588 510 642 civium
529 589 563 643 ab
577 588 712 644 Alcibiade
724 590 903 662 auspicantur,

97 677 133 714 ne
143 659 239 714 iterum
250 660 441 732 rempublicam
451 664 502 716 suh
511 663 619 718 obtentu
630 662 790 718 liberationis
797 664 907 720 invade-

97 741 149 788 ret.
188 733 274 800 Quem
295 753 381 808 quum
394 737 541 808 profectum
559 737 594 792 ad
612 737 799 803 Artaxerxem,
815 740 907 793 Persa-

97 826 161 863 rum
175 827 274 882 regem,
291 813 487 882 comperissent,
504 813 581 867 citato
595 812 687 866 itinere
703 813 842 878 miseruut,
858 813 906 884 qui

98 901 163 938 eum
182 883 379 956 interciperent:
406 887 535 958 aquibus
549 894 705 958 occupatus,
722 905 808 960 quum
823 887 907 942 occidi

98 965 187 1030 aperte
196 977 249 1013 non
259 967 355 1030 posset,
367 961 447 1017 rivus
457 961 485 1016 in
495 961 628 1029 cubiculo,
644 963 737 1034 inquo
750 961 904 1028 dormiebat,

98 1041 230 1088 crematus
240 1042 288 1088 est.

156 1107 226 1164 Cra.
238 1109 284 1163 IX.
305 1109 419 1166 Liberali
429 1111 479 1165 hoc
489 1110 581 1166 ultoris
590 1119 671 1176 metu,
679 1111 786 1186 tyranni
797 1111 906 1175 miseras

99 1183 177 1238 urbis
191 1183 318 1256 reliquias
332 1185 456 1240 caedibus
470 1194 494 1240 et
509 1187 609 1257 rapinis
628 1187 797 1241 exhauriunt.
828 1185 906 1251 Quod

100 1275 187 1331 quum
198 1258 335 1330 displicere
345 1261 394 1314 uni
405 1278 438 1315 ex
448 1278 559 1315 numero
572 1278 621 1315 suo
630 1261 786 1315 Theramcni
799 1260 908 1314 didicis-

99 1339 169 1397 sent,
185 1334 275 1404 ipsum
288 1352 396 1406 quoque
411 1335 444 1390 ad
463 1343 587 1390 terrorem
602 1336 724 1390 omnium
737 1334 906 1389 interficiunt.

99 1409 143 1462 Fit
159 1408 240 1481 igitur
260 1426 294 1464 ex
313 1411 379 1464 urbe
393 1410 493 1481 passim
510 1411 631 1465 omnium
645 1409 722 1484 fuga,
739 1410 907 1481 repleturque

101 1483 210 1538 Graecia
225 1484 427 1538 Atheniensium
449 1485 598 1540 exsulibus.
624 1484 701 1550 Quod
720 1485 798 1538 etiam
818 1485 908 1554 ipsum

100 1557 234 1614 arixilium
245 1577 331 1630 quum
340 1559 444 1614 miseris
455 1560 598 1630 eriperetur
609 1557 680 1630 (nam
691 1557 909 1611 Lacedaemonio-

100 1650 164 1688 rum
183 1633 267 1688 edicto
287 1634 404 1688 civitates
423 1635 529 1688 exsules
549 1633 664 1704 recipere
681 1632 905 1704 prohibebantur),

101 1725 195 1763 omnes
208 1726 237 1762 se
246 1706 330 1782 Argos
340 1717 365 1763 et
374 1709 479 1765 Thebas
488 1706 629 1763 contulere.
654 1707 693 1762 lbi
704 1724 756 1762 non
767 1705 854 1762 solum
867 1714 909 1760 tu-

101 1791 161 1838 tum
171 1783 297 1837 exsilium
307 1791 425 1856 egerunt,
436 1800 529 1838 verum
542 1783 621 1838 etiam
631 1799 705 1854 spem
717 1782 909 1853 recuperandae

101 1858 201 1931 patriae
215 1867 379 1930 receperunt.
416 1860 479 1913 Erat
498 1859 566 1912 inter
584 1858 690 1913 exsules
713 1857 907 1930 Thrasybulus,

103 1933 146 1987 vir
161 1939 294 1998 strenuus,
311 1940 336 1986 et
356 1932 428 1988 domi
447 1933 553 1998 nobilis,
566 1933 614 2006 qui
635 1932 787 1988 audendum
807 1932 909 2003 aliquid

100 2025 151 2081 pro
166 2008 249 2079 patria
262 2015 287 2062 et
298 2025 346 2079 pro
360 2007 444 2063 salute
457 2008 601 2073 communi,
618 2009 695 2062 etiam
709 2024 771 2061 cum
782 2005 908 2077 periculo,

99 2090 186 2147 ratus,
205 2083 329 2138 adunatis
343 2079 491 2148 exsulibus,
506 2082 640 2137 castellum
651 2081 753 2154 Phylen
764 2081 910 2134 Atticorum

101 2157 202 2212 finium
214 2165 335 2229 occupat.
356 2159 410 2213 Nec
420 2157 686 2230 deeratquarundam
696 2155 843 2220 civitatum,
857 2161 910 2209 tam
1001 2213 1002 2216 ,

99 2231 223 2287 crudeles
239 2249 317 2287 casus
332 2233 528 2298 miserantium,
549 2232 632 2286 favor.
666 2232 757 2302 ltaque
771 2225 908 2293 Ismenias,

100 2307 292 2363 Thebanorum
303 2308 434 2379 princeps,
441 2308 489 2362 etsi
499 2307 613 2378 publicis
624 2323 676 2359 non
687 2311 794 2375 poterat,
801 2305 912 2376 privatis

99 2391 192 2438 tamen
204 2382 308 2439 viribus
318 2381 474 2438 adiuvabat:
486 2389 511 2436 et
520 2381 614 2454 Lysias
623 2380 805 2454 Syracusanus
815 2387 909 2440 orator,

99 2457 181 2514 exsul
193 2465 268 2522 tunc,
282 2457 442 2529 quingentos
456 2457 554 2511 milites
567 2453 699 2526 stipendio
712 2471 761 2508 suo
771 2454 911 2533 instructos

100 2533 130 2588 in
146 2533 281 2588 auxilium
297 2533 397 2602 patriae
409 2530 559 2586 communis
578 2528 741 2600 eloquentiae
755 2526 838 2580 misit.
870 2525 914 2576 Fit

102 2607 198 2678 itaque
208 2621 337 2676 asperum
348 2603 492 2674 proelium.
522 2602 583 2666 Sed,
596 2619 683 2672 quum
693 2601 757 2652 hinc
766 2613 815 2666 pro
827 2592 912 2675 patria

101 2681 226 2738 summis
238 2678 354 2744 viribus,
366 2678 429 2732 inde
439 2695 488 2750 pro
502 2678 588 2732 aliena
595 2673 779 2730 dominatione
789 2678 913 2721 securius
