2044 3028
116 221 169 275 tot
357 225 505 271 tuentur
523 222 681 268 uts'rou.

118 343 175 379 tuae
189 342 215 378 ee
229 341 278 386 eos,
297 329 343 394 qui
353 330 433 379 tontis
441 328 541 379 uiribus
552 331 718 385 concurrant,
729 339 781 374 noc
792 319 926 377 contentos

118 404 165 454 boc
179 402 229 467 fiae
242 402 371 452 victoriae
386 404 455 468 [ore;
474 402 685 466 metuendumque
693 399 744 450 sibi
754 414 857 466 quoque
867 414 926 452 cer·
1008 439 1009 454 .

119 483 204 526 tomen
214 490 310 536 corum,
326 479 371 542 qui
380 478 526 542 superiores
536 477 693 526 exstiterint.
724 471 779 525 Hoc
787 477 926 541 praetextu

119 546 193 600 finito
215 562 275 600 cum
298 545 396 602 Aetolis
419 547 488 602 bello
503 547 569 601 nihil
587 546 658 601 aliud
674 562 756 617 quam
774 545 925 600 Poenorum

117 621 350 692 Romanorumque
365 621 433 676 bella
448 621 588 692 respiciens
603 619 770 692 singulorum
784 620 855 674 vires
864 637 926 690 per-

118 695 257 766 pendebat.
287 695 338 750 Sed
351 713 399 750 nec
415 695 534 759 Romani,
551 695 652 749 tametsi
668 695 746 748 Poeni
756 701 781 748 et
790 693 924 748 Hannibal
1008 725 1009 746 1

118 771 146 824 in
166 770 312 825 cervicibus
331 779 412 835 erant,
434 769 512 824 soluti
530 777 601 824 metu
615 769 781 824 Macedonico
796 768 926 824 videbun·

118 852 176 900 tur:
198 847 297 918 quippe
318 846 429 900 terrebat
447 861 490 898 eos
510 851 534 898 et
550 853 624 898 vetus
639 843 812 897 Macedonum
826 842 925 898 devicti
1008 867 1009 870 ¹

118 919 234 974 Orientis
243 919 326 993 gloria
339 927 364 974 et
376 919 515 990 Philippus
525 919 611 973 studio
620 916 764 972 Alexandri
770 917 926 972 aemulatio-

119 995 162 1048 nis
182 995 315 1059 incensum,
337 1011 417 1066 quem
432 1001 565 1065 promtum
580 993 608 1047 in
623 991 691 1046 belle
706 991 924 1064 industriumque

117 1077 301 1141 cognoverant.

174 1143 242 1198 Cnr.
258 1144 301 1198 lV.
323 1143 406 1214 Igitur
429 1142 581 1213 Philippus,
604 1158 688 1212 quum
715 1141 805 1194 iterato
825 1140 926 1211 proelio

121 1215 201 1270 victos
211 1235 226 1270 a
238 1216 328 1270 Poenis
339 1219 470 1271 Romanos
480 1217 621 1280 didicisset,
634 1222 720 1287 aperte
729 1215 831 1270 hostem
842 1233 872 1269 se
880 1215 925 1270 his
979 1235 982 1244 ·

117 1289 261 1362 professus,
275 1307 364 1356 neree,
377 1291 477 1362 quibus
488 1292 515 1345 in
529 1289 922 1355 ltaliamexercitumtraiiceret,
1008 1349 1009 1356 χ

119 1364 245 1418 iabrieare
261 1366 350 1436 coepit.
366 1367 493 1440 Legatum
509 1365 603 1419 deinde
616 1363 649 1418 ad
667 1362 842 1419 Hannibalem
861 1364 926 1419 iun·
1008 1387 1009 1396 ¹

116 1437 219 1512 gendae
234 1441 361 1495 societatis
376 1441 459 1513 gratia
473 1457 533 1494 cum
544 1439 659 1510 epistolis
674 1439 765 1492 mittit:
787 1437 835 1509 qui
851 1455 926 1492 com·
1008 1441 1009 1444 ’

118 1514 265 1586 prehensus
285 1524 310 1569 et
329 1516 362 1569 ad
379 1523 501 1569 senatum
515 1514 656 1585 perductus
671 1513 811 1568 incolumis
826 1513 925 1567 dimis-
1008 1517 1009 1566 i

116 1607 165 1642 sus
180 1599 228 1654 est,
245 1607 296 1644 non
312 1591 339 1644 in
350 1589 474 1644 honorem
484 1590 563 1662 regis,
576 1588 621 1642 sed
632 1605 663 1642 ne
673 1586 772 1642 dubius
782 1587 872 1642 adhue
882 1588 926 1642 in·
1008 1609 1009 1638 r

116 1663 254 1718 dubitatus
263 1664 346 1718 hostis
356 1663 515 1718 redderetur.
546 1664 633 1717 Postea
646 1679 714 1724 vero,
729 1679 814 1734 quum
824 1662 926 1716 Roma·
1008 1683 1009 1694 ¹

119 1739 161 1791 nis
177 1739 327 1793 nuntiatum
342 1745 409 1793 esset
422 1739 449 1792 in
463 1737 565 1792 Italiam
579 1737 732 1808 Philippum
746 1737 833 1806 copias
845 1738 926 1791 traie-

117 1821 237 1876 cturum,
259 1813 406 1866 Laevinum
422 1823 566 1884 praetorem
580 1829 642 1865 cum
657 1811 791 1866 instructis
806 1811 925 1866 navibus
1008 1833 1009 1876 l

116 1885 152 1940 ad
175 1885 369 1956 prohibendum
392 1888 532 1942 transitum
558 1886 675 1940 mittunt.
708 1885 760 1952 Qui
786 1902 872 1956 quum
895 1885 923 1940 in
1008 1887 1009 1916 r

117 1959 253 2013 Graeciam
272 1960 422 2026 traiecisset,
440 1961 531 2015 multis
545 1960 683 2032 promissis
696 1959 808 2030 impellit
817 1959 925 2014 Aetolos
1008 2009 1009 2016 ,

118 2032 218 2088 bellum
229 2033 355 2089 adversus
368 2035 522 2107 Philippum
533 2035 673 2106 suscipere.
704 2033 843 2104 Philippus
854 2052 926 2105 quo-

115 2126 171 2180 que
186 2109 301 2164 Achaeos
314 2110 343 2164 in
360 2111 538 2164 Romanorum
554 2109 620 2163 bella
632 2107 759 2164 sollicitat.
788 2109 890 2162 Interea
900 2117 926 2163 et

118 2184 231 2239 Dardani
246 2184 411 2240 Macedoniae
427 2183 493 2238 fines
507 2183 608 2238 vastare
621 2189 770 2252 coeperunt,
787 2182 926 2236 abductis-
1008 2189 1009 2258 ξ

116 2275 170 2328 que
184 2260 280 2331 viginti
295 2259 414 2313 millibus
428 2259 601 2330 captivorum,
612 2257 766 2328 Philippum
777 2273 792 2310 a
802 2257 925 2312 Romano
1008 2293 1009 2308 .

117 2331 187 2385 bello
209 2333 242 2386 ad
261 2334 390 2388 tuendum
409 2349 521 2405 regnum
541 2337 737 2386 revocaverunt.
767 2332 836 2384 Dum
857 2331 927 2386 haec

117 2411 241 2474 aguntur,
253 2407 386 2461 Laevinus
394 2415 496 2478 praetor
505 2407 592 2460 iuncta
603 2423 664 2460 cum
674 2404 759 2460 Attalo
769 2421 830 2477 rege
840 2407 925 2460 socie·
1008 2469 1009 2474 ἵ

118 2483 168 2528 tate
189 2476 326 2531 Graeciam
347 2479 497 2550 populatur.
528 2479 632 2544 Quibus
651 2479 772 2534 cladibus
785 2479 926 2550 perculsae
1008 2503 1009 2508 ¹

116 2547 233 2601 civitates
244 2551 376 2605 auxilium
386 2561 501 2622 petentes
514 2553 668 2625 Philippum
678 2553 853 2626 legationibus
862 2553 926 2609 tati-

116 2627 192 2684 gant;
206 2637 315 2676 necnon
327 2633 352 2677 et
361 2624 514 2696 lllyriorum
525 2643 607 2698 reges,
621 2627 694 2682 lateri
705 2629 762 2682 eius
773 2627 923 2694 haerentes,
1008 2665 1009 2668 =

115 2686 234 2743 adsiduis
249 2696 370 2761 precibus
385 2699 514 2766 promissa
524 2701 673 2772 exigebant.
704 2701 788 2773 Super
801 2701 866 2756 haec
876 2721 927 2758 vn-
