1998 3006
312 228 384 273 urs.
404 228 498 275 xum.
519 229 601 274 cna.
623 229 649 275 2.
827 225 883 298 ,tte

78 332 180 381 secutae
189 325 330 400 Pyrrhose
342 327 459 382 tradunt.
480 330 549 383 Inter
557 337 683 384 ceteraset
672 317 736 383 tiam
742 331 816 384 Locri
825 348 884 401 pro-

78 401 131 456 dito
149 401 281 472 praesidio
301 403 419 456 Romano
437 403 471 456 ad
486 405 619 476 Pyrrhum
633 404 769 458 deliciunt.
798 406 840 458 Ex
854 424 882 459 ea

78 477 173 546 praeda
187 477 313 561 Pyrrhus
323 477 449 532 ducentos
462 479 578 549 captivos
590 478 686 532 milites
697 480 807 534 Romam
823 497 884 552 gra-

0 607 1 610 ,
80 551 111 604 tis
127 551 238 614 remisit,
251 559 281 604 ut
291 553 393 624 cognita
404 553 500 606 virtute
510 553 567 607 eius
579 553 689 607 Romani
699 563 884 625 cognoscerent

0 633 1 674 i
78 626 155 678 etiam
165 593 356 681 liberalitatem.
377 627 518 682 Interiectis
528 627 621 682 deinde
631 627 734 691 diebus
746 645 830 698 quum
842 647 883 682 so-

78 700 178 753 ciorum
198 700 328 754 exercitus
348 703 551 772 supervenisset
573 703 663 756 iterato
677 701 806 772 proelium
822 720 882 757 cum

79 774 205 828 Romanis
214 773 339 842 facit;1n
350 793 404 847 quo
413 794 460 846 par
469 776 573 831 fortuna
582 777 663 847 priori
657 775 742 830 bello
752 775 811 829 luit

133 848 203 903 Cae.
224 850 258 902 ll.
279 817 378 908 lnterea
396 853 481 924 lllago,
502 850 557 905 dux
573 851 863 922 Carthaginiensium
856 870 883 905 rn

77 922 210 977 auxilium
222 924 400 978 Romanorum
409 943 471 979 cum
482 934 586 979 centnm
598 925 884 998 vigintinavibusmis-

6 1038 8 1045 .
78 1017 124 1053 sus
139 1005 261 1052 senatum
276 998 350 1063 adiit
367 1018 444 1068 aegre
457 1003 546 1054 tulisse
565 999 790 1069 Carthaginienses
804 1000 884 1053 adfir-

0 1119 1 1132 ,
78 1091 163 1135 mans,
175 1077 245 1141 quod
254 1077 368 1126 heltum'
357 1091 386 1127 m
395 1076 477 1128 Italia
486 1092 504 1128 a
510 1079 649 1143 peregrino
658 1083 881 1142 repeputerentur.

0 1143 1 1212 J
80 1147 117 1202 Ob
127 1165 206 1216 quam
222 1165 340 1202 caussam
350 1153 456 1202 missum
465 1166 500 1211 se,
511 1157 548 1211 ut,
563 1155 685 1218 qnoniam
695 1159 803 1202 euterun
813 1153 883 1203 hosta

0 1237 1 1240 ’
79 1231 300 1290 oppugnarentur,
321 1227 438 1276 externis
456 1226 569 1277 aucillis
582 1228 744 1277 iuvarentur.
779 1223 882 1278 Gratiae

78 1303 195 1350 asenatu
216 1295 478 1382 Carthaginiensibus
498 1305 569 1351 actae
592 1296 745 1368 auxiliaque
764 1299 882 1352 remissa

1 1439 2 1444 Ἰ
77 1370 129 1425 Sed
139 1371 217 1442 Mago
231 1371 348 1424 Punico'
340 1371 447 1444 ingenio
456 1379 515 1441 post
524 1388 622 1442 paucos
633 1371 689 1425 dies
700 1373 801 1435 tacitus,
816 1390 884 1443 qna-

77 1411 547 1518 sipacificatorCarthaginiensium,
564 1446 696 1519 Pyrrhum
712 1446 776 1499 adiit
790 1464 884 1530 specu-

77 1518 181 1573 laturus
195 1519 341 1573 consilia
318 1485 418 1574 erus⁰de
428 1520 525 1583 Sicilia,
540 1537 664 1591 quocum
680 1520 798 1572 arcessiri
814 1521 882 1574 laura

76 1601 140 1648 erat.
172 1595 240 1648 Nam
255 1593 381 1648 Romanis
396 1594 486 1648 eadem
497 1611 575 1648 causa
586 1594 705 1647 mittendi
716 1592 818 1648 auxilii
821 1595 884 1648 Car-

75 1668 291 1742 thaginiensibus
304 1667 396 1733 luerat,
416 1677 445 1722 ut
460 1671 578 1723 Romano
592 1666 669 1730 bello,
682 1685 714 1721 ne
728 1669 755 1721 in
766 1667 882 1722 Siciliam

76 1743 189 1798 transire
205 1749 306 1814 posset,
332 1743 451 1817 Pyrrhus
470 1744 499 1798 iu
519 1743 591 1797 ltalia
611 1742 779 1796 detineretur.
814 1743 881 1797 Dum

76 1818 140 1872 haec
154 1825 282 1890 aguntur,
299 1817 424 1890 legatusa
438 1827 531 1872 senatu
546 1819 664 1872 Romano
677 1817 815 1871 Fabricius
829 1818 884 1872 Lu-

75 1893 168 1947 scinus
179 1892 278 1946 missus
288 1909 379 1963 pacem
389 1909 450 1946 cum
462 1893 563 1966 Pyrrho
572 1893 728 1964 oompnsuit.
750 1892 790 1947 Ad
801 1910 883 1963 quam

73 1966 285 2022 confirmandam
303 1967 406 2041 Cyneas
421 1968 530 2021 Romam
545 1985 606 2021 cum
622 1968 774 2040 ingentibus
788 1985 803 2020 a
818 1969 884 2040 Pyr-

76 2043 123 2096 rho
135 2041 214 2096 donis
225 2041 325 2096 missus
336 2042 478 2105 neminem,
491 2042 831 2096 cuiusdomusmuneribus
837 2059 884 2112 pa-

75 2125 146 2181 teret,
175 2117 286 2170 invenit.
316 2117 383 2170 Huic
400 2116 572 2170 continentiae
594 2117 774 2170 Romanorum
796 2115 884 2169 simile

76 2191 230 2262 exemplum
247 2191 341 2244 iisdem
351 2190 433 2244 ferme
442 2192 605 2262 temporibus
615 2190 674 2244 fuit.
704 2192 772 2243 Nam
784 2190 882 2244 missia

75 2275 167 2322 senatu
178 2266 332 2338 Aegyptum
343 2265 419 2339 legati
429 2283 514 2336 quum
526 2266 641 2339 ingentia
651 2264 702 2318 sihi
713 2283 726 2317 a
738 2263 883 2320 Ptolemaeo

77 2358 136 2412 rege
160 2341 243 2394 missa
263 2358 374 2412 munera
389 2341 564 2412 sprevissent,
582 2339 721 2394 interiectis
737 2339 831 2394 diebus
850 2341 884 2394 ad

75 2431 183 2476 coenam
200 2415 319 2471 invitatis
335 2433 427 2470 aureae
437 2433 546 2470 coronae
556 2415 651 2468 missae
661 2422 738 2468 sunt:
760 2433 828 2486 quas
844 2415 883 2468 illi

78 2489 184 2544 honoris
203 2507 283 2544 causa
297 2499 412 2562 receptas
425 2499 526 2562 postera
544 2490 586 2544 die
601 2490 693 2543 statuis
712 2490 782 2562 regis
798 2490 884 2559 impo-

73 2573 195 2619 suerunt.
232 2566 316 2638 Igitur
339 2567 455 2639 Cynam,
472 2583 556 2638 quum
572 2569 703 2619 turbatam
719 2583 776 2618 cum
789 2565 884 2616 Romae

74 2643 116 2693 aia
126 2657 220 2707 pacem
238 2644 272 2694 ab
285 2642 369 2710 Appio
387 2642 496 2696 Claudio
509 2639 692 2701 renuntiasset,
708 2639 883 2706 interrogatus

1 2725 2 2740 ³
72 2729 89 2764 a
98 2714 210 2788 Pyrrho,
224 2719 312 2784 quatis
321 2718 402 2772 Romo
412 2725 484 2780 esset,
496 2714 631 2787 respondit
639 2731 729 2782 repunt
739 2711 884 2764 urbemsibr‘

112 2806 232 2862 lusurus.
693 2803 716 2855 K
