2014 3000
114 141 147 192 56
350 145 498 190 IUSTINI
516 145 670 190 HISTOR.

113 245 259 308 obtulisset,
276 245 347 314 prior
361 242 518 298 Artaxerxes
532 263 545 298 a
559 244 637 298 fratre
646 244 811 312 vulneratur,
833 262 909 316 quem

113 336 199 393 quum
215 319 276 390 equi
291 318 353 392 iuga
368 318 483 390 periculo
494 320 675 383 subtraxisset,
691 319 776 392 Cyrus
786 336 801 372 a
811 320 911 374 cohorte

113 394 183 465 regia
199 410 339 464 oppressus
360 393 524 446 interficitur.
557 393 601 449 Sio
616 394 696 449 victor
715 394 870 447 Artaxerxes
886 403 910 447 et

113 466 209 538 praeda
227 467 333 521 fraterni
346 466 409 522 belli
423 474 448 520 et
462 467 576 522 exercitu
591 469 695 538 potitur.
729 469 758 521 In
773 484 803 522 eo
816 468 911 538 proelio

114 540 203 595 decem
218 541 301 599 millia
311 542 471 596 Graecorum
482 543 508 596 in
520 542 619 596 auxilio
629 542 691 615 Cyri
707 541 789 596 fuere:
812 560 878 613 quae
887 552 910 596 et

112 617 142 670 in
162 633 252 682 oornn,
273 616 301 670 in
320 635 373 688 quo
388 623 522 677 steterant,
539 617 666 680 vicerunt,
689 625 713 670 et
730 624 910 688 postmortem

93 725 98 734 ι
112 690 187 764 Gyri,
201 707 287 763 neque
295 692 376 746 armis
387 710 402 746 a
412 698 482 745 tanto
491 691 605 744 exercitu
617 691 695 755 vinci,
708 706 794 762 neque
803 691 862 750 dolo
871 709 913 746 ea-

112 766 142 837 pi
156 773 309 837 potuerunt3
336 773 544 836 revertentesque
558 765 625 819 inter
634 773 670 819 tot
680 767 820 819 indomitas
831 769 912 822 natio-

113 857 161 894 nes
175 842 337 904 etharbaras
351 847 449 913 gentes,
467 857 511 910 per
524 847 594 894 tanta
605 840 704 894 itineris
714 841 806 911 spatia,
818 841 914 897 virtute

112 932 237 986 sausque
248 915 371 968 terminos
381 913 479 984 patriae
489 913 668 970 defenderunt.

425 1151 614 1178 ...σμ’-.-

267 1419 463 1476 eruere
510 1419 786 1507 sexsus,

406 1569 615 1580 -r--n-——na———n—

110 1661 181 1698 Axe.
196 1663 244 1710 Cap.
253 1667 271 1698 1.
282 1661 585 1710 Sps1·tanorumiuAsisgests.
602 1665 620 1699 2.
629 1661 744 1710 Agesilaus.
757 1663 835 1700 Conon.
850 1668 869 1701 3.
880 1663 916 1701 Pi-

158 1724 227 1762 sandri
246 1725 319 1775 clades.
338 1727 359 1761 4.
368 1726 511 1772 Spartanorum
527 1724 609 1762 fortun·
624 1723 733 1762 inclinans.
753 1727 772 1762 ³.
784 1725 917 1764 Athenarum

158 1799 189 1823 res
203 1793 279 1824 suntne.
297 1787 416 1835 Iphicrates.
433 1791 452 1824 6.
469 1792 486 1824 7.
498 1786 641 1825 Thebanorum
658 1787 682 1825 ds
700 1787 805 1836 Spartanis
818 1787 916 1827 victoris.

156 1853 176 1888 8·
185 1849 344 1898 Epaminondas.
360 1855 378 1888 9.
395 1849 492 1888 Graecias
504 1857 551 1899 post
559 1851 711 1900 Epaminondae
722 1857 807 1888 monem
821 1859 917 1891 sistunt

158 1911 255 1951 conditio.

167 2020 243 2085 Cur.
255 2031 276 2084 I.
297 2029 505 2096 Lacedaemonii,
521 2048 593 2085 ruore
607 2029 706 2104 ingenii
720 2030 842 2096 humani,
860 2050 921 2104 quo

111 2105 187 2177 plura
198 2105 303 2169 hahent,
314 2123 345 2159 eo
354 2104 480 2175 ampliora
491 2105 632 2176 cupientes,
640 2123 692 2159 non
703 2107 816 2160 eontenti
827 2123 918 2160 acees-

110 2182 184 2234 sione
203 2179 404 2234 Atheniensium
423 2197 504 2250 opum
520 2179 589 2233 vires
603 2179 654 2233 sihi
665 2179 820 2250 duplicatas,
833 2181 921 2235 totius

112 2253 187 2306 Asiae
198 2255 338 2324 imperium
351 2255 467 2309 affectare
477 2261 629 2324 ooeperunt;
643 2253 690 2307 sed
701 2254 783 2307 maior
792 2271 856 2324 pars
863 2257 921 2308 suh

111 2342 192 2396 regno
207 2329 345 2381 Persarum
361 2337 423 2382 erat.
457 2330 548 2399 ltaque
558 2327 725 2400 Deroyllides,
737 2327 793 2382 dux
804 2329 831 2382 in
844 2328 922 2384 hanc

110 2399 231 2452 militiam
242 2401 346 2464 eiectus,
355 2420 439 2473 quum
451 2401 549 2456 videret
558 2402 610 2456 sihi
620 2401 746 2456 adversus
760 2402 827 2457 duos
839 2421 923 2474 prae—

111 2469 188 2550 fectos
202 2472 354 2526 Artaxerxis
371 2479 453 2538 renis,
471 2476 672 2530 Pharnabazum
687 2484 711 2530 et
724 2477 922 2535 Tissafernem.

107 2554 286 2618 maximarum
296 2546 418 2612 gentium
428 2547 534 2602 viribus
543 2551 704 2616 succinctos,
713 2551 924 2614 dimicandum,

104 2609 242 2670 pacificari
254 2629 316 2666 cum
327 2617 408 2673 altero
419 2622 520 2675 statuit.
541 2622 635 2694 Aptior
645 2625 722 2680 visus
733 2625 922 2690 TissaierneS,
