2014 3000
321 165 390 210 LIB.
411 165 442 210 11.
473 165 553 210 cAP.
575 165 598 210 8.
620 167 645 210 9,
854 159 891 211 ῗίὶἸ

83 263 181 330 evolat,
203 261 324 334 saumque
335 281 464 318 concursu
479 265 629 330 hominum,
642 282 696 336 quo
706 265 792 338 magis
802 265 891 318 consi-

87 338 151 392 lium
161 337 351 402 dissimularet,
359 339 472 394 insolitis
481 341 532 394 sihi
540 341 660 394 versibus
671 339 781 394 suadere
790 339 892 412 populo

82 413 175 483 coepit,
192 411 265 484 quod
280 414 428 469 vetabatur:
453 415 629 486 omniumque
642 415 746 469 animos
761 415 795 468 ita
809 415 886 484 cepit,

88 495 115 540 nt
127 486 260 558 extemplo
273 487 373 542 bellum
386 488 514 543 adversus
524 490 688 562 Megarenses
697 489 887 554 decerneretur,

84 561 235 632 insulaque,
248 561 357 616 devictis
367 563 496 631 hostibus,
508 563 710 618 Atheniensium
721 564 802 617 lieret.

140 635 210 690 CAP.
223 637 291 690 VIII.
304 639 402 692 Interea
412 639 585 711 Megarenses
593 655 723 692 memores
734 637 797 692 illati
809 638 892 692 Athe-

85 710 224 764 niensibus
238 711 310 777 belli,
327 720 351 766 et
364 712 467 776 deserti,
485 731 518 767 ne
529 712 625 769 lrustra
635 731 708 767 arma
723 713 838 766 movisse
849 712 891 766 vi-

82 785 222 849 derentur,
239 793 371 841 matronas
387 786 590 842 Atheniensium
608 788 636 841 in
650 787 795 841 Eleusiniis
808 787 889 840 sacris

85 867 164 913 noctu
179 861 339 930 oppressuri,
353 879 433 915 naves
448 861 636 917 conscendunt.
666 861 724 927 Qua
737 861 887 934 recognita,

82 933 141 988 dux
152 933 353 988 Atheniensium
364 937 513 990 Pisistratus
524 937 687 990 iuventutem
698 937 724 990 in
736 935 841 989 insidiis
852 935 892 989 lo-

83 1015 135 1072 cat,
154 1008 235 1062 iussis
248 1010 376 1064 matronis
390 1010 466 1065 solito
477 1011 590 1065 clamore
600 1017 632 1065 ad
639 1012 758 1082 strepitu,
770 1010 850 1064 etiam
861 1009 889 1064 in

83 1099 191 1136 accessu
206 1083 333 1148 hostium,
350 1102 384 1138 ne
397 1084 539 1140 intellectos
554 1103 582 1140 se
596 1087 717 1151 sentiant,
734 1103 807 1139 sacra
823 1084 891 1138 cele·

84 1158 174 1212 brare:
204 1174 376 1230 egressosque
401 1160 515 1213 navibus
537 1161 701 1232 Megarenses
723 1159 889 1230 inopinantes

82 1249 238 1304 aggressus,
251 1231 360 1288 delevit:
376 1251 406 1286 ac
416 1235 536 1304 protinus
546 1233 629 1288 classe
638 1235 740 1304 captiva
751 1235 891 1288 intermix-

82 1308 119 1359 tis
128 1305 296 1370 mulieribus
312 1315 342 1362 ut
351 1309 464 1378 speciem
475 1315 609 1379 captarum
619 1317 798 1363 matronarum
815 1325 891 1378 prae-

85 1381 186 1444 berent,
203 1381 335 1453 Megaram
350 1383 494 1436 contendit.
523 1383 564 1436 llli
578 1401 662 1454 quum
678 1391 703 1436 et
717 1383 827 1436 navium
837 1381 891 1436 ior·

82 1473 157 1510 mam
167 1464 192 1508 et
201 1456 309 1525 petitam
320 1457 442 1526 praedam
453 1465 645 1530 cognoscerent,
657 1457 730 1510 obvii
741 1457 774 1509 ad
784 1464 889 1527 portum

82 1529 242 1603 procedunt:
257 1531 357 1601 quibus
366 1531 616 1597 oaesiS,Pisislrat11s
626 1530 747 1602 paullum
757 1548 771 1584 a
785 1530 891 1600 capien-

82 1605 118 1659 da
128 1605 195 1659 urhe
205 1603 300 1658 abfuit.
329 1607 366 1659 lta
376 1607 541 1680 Megarenses
554 1605 612 1658 suis
624 1605 692 1658 dolis
705 1604 774 1657 hosti
786 1603 891 1657 victori-

83 1697 127 1732 am
137 1678 242 1734 dedere.
269 1678 320 1733 Sed
331 1679 491 1744 Pisistratus,
504 1679 580 1752 quasi
591 1679 653 1744 sibi,
667 1697 718 1734 non
730 1679 836 1749 patriae,
849 1679 892 1732 vi-

82 1755 170 1819 cisset,
182 1753 351 1828 tyrannidem
361 1772 407 1826 per
416 1755 507 1810 dolum
517 1762 639 1826 occupat:
659 1754 759 1825 quippe
770 1753 891 1808 volunta-

83 1829 131 1882 riis
146 1827 302 1883 verberihus
316 1828 387 1883 domi
404 1830 519 1896 affectus,
542 1829 704 1900 laceratoque
720 1845 839 1898 corpore,
861 1828 890 1883 in

83 1903 225 1974 publicum
239 1903 419 1976 progreditur:
445 1904 567 1959 advocata
578 1905 710 1968 concione,
723 1903 833 1958 vulnera
843 1919 892 1974 po-

81 1977 148 2049 pulo
161 1977 290 2032 ostendit:
311 1977 344 2031 de
356 1978 507 2033 crudelitate
517 1978 677 2050 principum,
693 1979 817 2049 aquibus
827 1977 892 2031 haec

79 2071 111 2106 se
125 2069 237 2124 passum
253 2051 408 2114 simulabat,
425 2053 558 2125 queritur:
584 2052 718 2107 adduntur
731 2053 841 2106 vocibus
852 2051 892 2105 la-

79 2128 191 2192 crimae,
208 2135 234 2180 et
248 2127 378 2182 invidiosa
393 2129 508 2182 oratioue
523 2126 665 2182 multitudo
679 2125 784 2179 credula
800 2143 893 2180 acoen-

78 2204 170 2256 ditur:
196 2218 285 2256 amore
298 2202 390 2272 populi
404 2202 521 2256 invisum
537 2220 565 2256 se
579 2201 679 2255 senatui
696 2199 823 2254 affirmat:
843 2200 894 2254 ob-

80 2277 148 2332 tinet
166 2276 202 2331 ad
221 2277 367 2330 custodiam
388 2277 503 2348 corporis
522 2277 565 2330 sui
580 2275 721 2330 satellitum
742 2274 890 2330 auxilium:

79 2369 130 2423 per
149 2367 219 2423 qnos
233 2353 357 2422 occupata
371 2351 511 2425 tyrannide
523 2369 570 2422 per
582 2367 665 2404 annos
675 2369 749 2404 xxxin
759 2350 890 2423 regnavit.

138 2427 210 2482 Cur.
229 2426 278 2480 IX.
299 2427 360 2480 Post
373 2427 431 2480 eius
445 2434 556 2480 mortem
569 2424 680 2488 Diocles
694 2424 758 2478 alter
771 2424 890 2487 exsiliis,

11 2475 12 2496 ³
78 2517 130 2571 per
144 2501 203 2556 vim
217 2508 334 2571 stuprata
350 2500 466 2574 virgine,
487 2518 501 2554 a
517 2499 594 2554 fratre
607 2498 709 2570 puellae
724 2498 891 2553 interficitur.

79 2575 165 2640 Alter,
183 2574 294 2646 Hippias
309 2575 424 2639 nomine,
442 2592 528 2647 quum
543 2573 685 2645 imperium
700 2579 839 2642 paternum
854 2577 892 2622 te-

78 2658 171 2729 neret,
199 2649 390 2706 interfectorem
412 2649 499 2704 fratris
520 2645 707 2720 comprehendi
726 2643 812 2696 iubet:
843 2657 893 2712 qm
