2016 3028
131 126 181 180 264
363 131 513 176 rusrrnr
529 104 687 176 maron.

131 230 283 303 ponendum
298 229 412 286 Orientis
430 237 527 286 statum
546 230 668 296 venisset,
688 237 787 285 metum
806 229 929 286 Phraheti
1001 289 1002 292 Ἴ

132 305 250 370 incussit,
263 322 300 362 ue
310 305 412 361 bellum
427 305 547 360 Parthiae
557 305 634 360 vellet
648 303 749 359 inferre.
780 307 871 377 ltaque
881 314 931 360 tota

132 380 235 435 Parthia
245 379 341 450 captivi
350 398 384 435 ex
393 379 532 435 Crassiano
541 379 597 434 sive
607 381 713 434 Antonii
725 379 840 434 exercitu
849 378 933 434 reeul-
1001 377 1002 450 f

131 455 198 519 lecti,
210 455 340 528 signaque
348 473 411 510 eum
421 454 464 508 his
474 453 597 510 militaria
607 453 727 528 Augusto
736 455 855 508 remissa.
881 454 933 508 Sed
1001 471 1002 526 }

131 539 156 584 et
177 529 226 584 filii
248 537 406 602 nepotesque
427 529 566 584 Phrahatis
590 529 695 584 obsides
718 528 839 603 Augusto
862 529 931 584 dati:

130 603 246 677 plusque
264 604 358 661 Caesar
379 603 562 678 magnitudine
582 603 698 659 nominis
708 603 750 658 sui
772 603 935 676 leeit‚quam
1001 597 1002 658 l

132 681 213 734 armis
225 679 292 736 alius
303 679 442 752 imperator
452 677 534 734 faeere
542 679 678 750 potuisset.
1001 671 1002 706 i

431 891 632 920 *—

334 1153 531 1222 urana
576 1165 729 1220 xuni.

427 1305 645 1330 m

131 1404 153 1439 A
159 1401 176 1438 R
184 1402 265 1452 acip.
274 1405 337 1440 1-3.
350 1404 426 1440 Romae
440 1402 496 1440 urbia
509 1401 573 1450 origo.
589 1399 683 1439 Manilii
693 1400 781 1438 condite·
799 1403 819 1437 4.
830 1403 849 1437 5-
860 1401 939 1439 Muri-

234 1465 328 1504 lienrium
338 1479 377 1511 rer,
388 1472 408 1504 et
415 1465 496 1504 foedera
506 1471 526 1502 et
534 1464 677 1502 benevolentia
686 1464 708 1502 in
717 1464 826 1500 Romanor.

188 1575 215 1638 C
219 1600 261 1639 ar.
281 1583 304 1636 l.
323 1581 450 1637 Parthicis
460 1580 690 1653 Orientalibusque
704 1597 733 1636 ae
747 1579 828 1634 totius
841 1597 941 1652 prope-

132 1657 242 1713 modum
255 1657 327 1712 erbis
341 1656 421 1712 rebus
435 1654 565 1727 explicitis
578 1653 612 1710 ad
626 1656 701 1712 initia
710 1655 845 1710 Romanae
860 1656 940 1710 urbis

132 1730 322 1805 Trogua‚velut
332 1739 391 1803 post
400 1731 507 1804 longam
516 1730 751 1804 peregrinationem
762 1728 884 1794 domum,
896 1749 941 1784 re·
1001 1799 1002 1802 Ἰ

132 1807 254 1862 vertitur:
278 1805 374 1880 ingrati
392 1806 460 1861 oivis
476 1804 593 1860 officium
612 1805 776 1868 existimans,
797 1804 831 1869 si,
847 1821 939 1876 quum
1001 1813 1002 1842 ³

131 1881 381 1954 omniumgentium
391 1888 528 1953 magestas
539 1878 715 1946 illustraverit,
722 1878 755 1933 de
763 1876 819 1933 sola
829 1885 937 1934 tantum

131 1955 215 2030 patria
233 1962 321 2010 taceat.
359 1955 480 2011 Brevitur
501 1954 583 2028 igitur
603 1954 678 2016 initia
696 1953 807 2008 Romani
827 1953 939 2025 imperii

131 2030 293 2105 perstringit,
305 2036 335 2085 ut
344 2046 393 2084 neo
402 2029 511 2084 modum
521 2028 647 2102 propositi
661 2029 747 2100 operis
756 2026 873 2096 excedat,
886 2046 941 2084 nee

131 2107 225 2179 utique
238 2105 368 2180 originem
382 2105 467 2170 urbis,
482 2121 550 2234 quae
563 2112 602 2159 est
615 2111 693 2176 eaput
707 2103 786 2158 totius
800 2103 883 2169 orbis,
896 2104 938 2158 si-

131 2182 211 2237 lentio
227 2180 422 2254 praetermittat.
455 2181 491 2235 lta
503 2179 543 2234 iae
556 2177 667 2234 cultores
680 2177 761 2250 primi
774 2177 940 2252 Aborigines

131 2255 212 2322 fuere,
222 2273 337 2329 quorum
347 2273 394 2310 rex
403 2255 532 2310 Saturnus
540 2261 626 2310 tentae
636 2253 750 2308 iustitiae
759 2251 843 2308 fuisse
852 2252 939 2308 tradi-

131 2338 183 2394 tur,
204 2338 235 2385 ut
249 2348 335 2402 neque
348 2329 467 2386 servierit
480 2329 532 2384 sub
546 2327 592 2385 illo
604 2328 748 2401 quiequam
758 2327 939 2400 nequequid-

131 2421 212 2472 quam
235 2405 351 2474 privatae
369 2405 405 2458 rei
420 2403 555 2460 habuerit:
579 2404 626 2460 sed
639 2403 728 2460 omnia
741 2403 895 2458 eommunia
910 2411 939 2458 et

133 2476 246 2557 indivisa
254 2478 379 2533 omnibus
389 2475 494 2544 luerint,
506 2477 589 2534 voluti
598 2496 684 2536 unum
693 2477 794 2534 eunetis
805 2477 938 2549 patrimo-
1001 2503 1002 2538 i

132 2563 207 2600 nrum
221 2557 299 2602 esset.
328 2548 369 2602 Oh
382 2550 459 2606 euius
472 2552 587 2625 exempli
600 2553 754 2609 memoriam
764 2558 934 2616 mutuaret.
1001 2547 1002 2590 i

132 2625 161 2668 ut
170 2617 353 2674 Saturnalibus
367 2632 511 2695 exaequato
520 2628 642 2683 omnium
651 2627 709 2686 iure
718 2628 816 2700 passim
831 2627 859 2682 in
868 2642 938 2680 oen-
