<?xml version="1.0" encoding="UTF-8"?>
<!DOCTYPE html PUBLIC "-//W3C//DTD XHTML 1.0 Transitional//EN"
    "http://www.w3.org/TR/xhtml1/DTD/xhtml1-transitional.dtd">
<html xmlns="http://www.w3.org/1999/xhtml" xml:lang="en" lang="en">
 <head>
  <title>
</title>
<meta http-equiv="Content-Type" content="text/html;charset=utf-8" />
  <meta name='ocr-system' content='tesseract 3.04.00' />
  <meta name='ocr-capabilities' content='ocr_page ocr_carea ocr_par ocr_line ocrx_word'/>
</head>
<body>
  <div class='ocr_page' id='page_1' title='image "./justinihistoria00justgoog_0074.png"; bbox 0 0 2022 3010; ppageno 0'>
   <div class='ocr_carea' id='block_1_1' title="bbox 328 163 892 214">
    <p class='ocr_par' dir='ltr' id='par_1_1' title="bbox 328 163 892 214">
     <span class='ocr_line' id='line_1_1' title="bbox 328 163 892 214; baseline 0.004 -2"><span class='ocrx_word' id='word_1_1' title='bbox 328 168 400 214; x_wconf 90' lang='lat' dir='ltr'><strong>LIB.</strong></span> <span class='ocrx_word' id='word_1_2' title='bbox 421 167 466 214; x_wconf 87' lang='lat' dir='ltr'><strong>V-I.</strong></span> <span class='ocrx_word' id='word_1_3' title='bbox 488 168 568 214; x_wconf 82' lang='lat' dir='ltr'>CAP.</span> <span class='ocrx_word' id='word_1_4' title='bbox 591 171 613 213; x_wconf 83' lang='lat'><strong>6.</strong></span> <span class='ocrx_word' id='word_1_5' title='bbox 635 169 660 214; x_wconf 79' lang='grc' dir='ltr'><strong>Ί.</strong></span> <span class='ocrx_word' id='word_1_6' title='bbox 864 163 892 214; x_wconf 72' lang='grc'><strong>61</strong></span> 
     </span>
    </p>
   </div>
   <div class='ocr_carea' id='block_1_2' title="bbox 88 264 906 2432">
    <p class='ocr_par' dir='ltr' id='par_1_2' title="bbox 90 264 900 471">
     <span class='ocr_line' id='line_1_2' title="bbox 91 264 900 336; baseline 0.004 -15"><span class='ocrx_word' id='word_1_7' title='bbox 91 273 153 322; x_wconf 87' lang='lat' dir='ltr'><strong>rent</strong></span> <span class='ocrx_word' id='word_1_8' title='bbox 163 264 255 330; x_wconf 88' lang='lat' dir='ltr'><strong>socios,</strong></span> <span class='ocrx_word' id='word_1_9' title='bbox 266 283 334 336; x_wconf 90' lang='lat' dir='ltr'><strong>quos</strong></span> <span class='ocrx_word' id='word_1_10' title='bbox 344 274 407 321; x_wconf 89' lang='lat' dir='ltr'><strong>tunc</strong></span> <span class='ocrx_word' id='word_1_11' title='bbox 416 267 503 322; x_wconf 86' lang='lat' dir='ltr'><strong>hostes</strong></span> <span class='ocrx_word' id='word_1_12' title='bbox 513 268 672 333; x_wconf 75' lang='lat' dir='ltr'><strong>habuerant,</strong></span> <span class='ocrx_word' id='word_1_13' title='bbox 694 274 719 322; x_wconf 93' lang='lat' dir='ltr'><strong>et</strong></span> <span class='ocrx_word' id='word_1_14' title='bbox 728 268 815 322; x_wconf 89' lang='lat' dir='ltr'><strong>hostes</strong></span> <span class='ocrx_word' id='word_1_15' title='bbox 826 285 900 324; x_wconf 88' lang='lat' dir='ltr'><strong>nuuc</strong></span> 
     </span>
     <span class='ocr_line' id='line_1_3' title="bbox 90 343 898 414; baseline 0 -18"><span class='ocrx_word' id='word_1_16' title='bbox 90 348 253 414; x_wconf 87' lang='lat' dir='ltr'><strong>paterentur,</strong></span> <span class='ocrx_word' id='word_1_17' title='bbox 266 359 328 394; x_wconf 89' lang='lat' dir='ltr'><strong>cum</strong></span> <span class='ocrx_word' id='word_1_18' title='bbox 338 343 438 414; x_wconf 90' lang='lat' dir='ltr'><strong>quihus</strong></span> <span class='ocrx_word' id='word_1_19' title='bbox 451 343 533 396; x_wconf 85' lang='lat' dir='ltr'><strong>iuncti</strong></span> <span class='ocrx_word' id='word_1_20' title='bbox 544 343 898 398; x_wconf 86' lang='lat' dir='ltr'><strong>tuncarctissimissocietatis</strong></span> 
     </span>
     <span class='ocr_line' id='line_1_4' title="bbox 91 413 331 471; baseline 0.017 -4"><span class='ocrx_word' id='word_1_21' title='bbox 91 414 211 471; x_wconf 86' lang='lat' dir='ltr'><strong>vinculis</strong></span> <span class='ocrx_word' id='word_1_22' title='bbox 220 413 331 471; x_wconf 85' lang='lat' dir='ltr'><strong>lucrant.</strong></span> 
     </span>
    </p>

    <p class='ocr_par' dir='ltr' id='par_1_3' title="bbox 88 490 903 2134">
     <span class='ocr_line' id='line_1_5' title="bbox 150 490 899 564; baseline -0.001 -19"><span class='ocrx_word' id='word_1_23' title='bbox 150 490 221 545; x_wconf 80' lang='lat' dir='ltr'><strong>Cnr.</strong></span> <span class='ocrx_word' id='word_1_24' title='bbox 241 490 284 545; x_wconf 90' lang='lat' dir='ltr'><strong>Vl.</strong></span> <span class='ocrx_word' id='word_1_25' title='bbox 304 491 373 544; x_wconf 87' lang='lat' dir='ltr'><strong>Dum</strong></span> <span class='ocrx_word' id='word_1_26' title='bbox 384 490 447 547; x_wconf 88' lang='lat' dir='ltr'><strong>haec</strong></span> <span class='ocrx_word' id='word_1_27' title='bbox 456 499 594 564; x_wconf 83' lang='lat' dir='ltr'><strong>geruntur,</strong></span> <span class='ocrx_word' id='word_1_28' title='bbox 606 492 772 556; x_wconf 79' lang='lat' dir='ltr'><strong>Artaxerxae,</strong></span> <span class='ocrx_word' id='word_1_29' title='bbox 785 493 899 546; x_wconf 86' lang='lat' dir='ltr'><strong>rexPer-</strong></span> 
     </span>
     <span class='ocr_line' id='line_1_6' title="bbox 91 563 898 638; baseline 0 -18"><span class='ocrx_word' id='word_1_30' title='bbox 91 582 195 629; x_wconf 90' lang='lat' dir='ltr'><strong>sarum,</strong></span> <span class='ocrx_word' id='word_1_31' title='bbox 212 563 309 637; x_wconf 84' lang='lat' dir='ltr'><strong>legatos</strong></span> <span class='ocrx_word' id='word_1_32' title='bbox 323 564 350 619; x_wconf 91' lang='lat' dir='ltr'><strong>in</strong></span> <span class='ocrx_word' id='word_1_33' title='bbox 370 565 505 620; x_wconf 81' lang='lat' dir='ltr'><strong>Graeciam</strong></span> <span class='ocrx_word' id='word_1_34' title='bbox 516 566 602 630; x_wconf 78' lang='lat' dir='ltr'><strong>mittit,</strong></span> <span class='ocrx_word' id='word_1_35' title='bbox 614 583 661 637; x_wconf 90' lang='lat' dir='ltr'><strong>per</strong></span> <span class='ocrx_word' id='word_1_36' title='bbox 675 583 742 638; x_wconf 87' lang='lat' dir='ltr'><strong>quos</strong></span> <span class='ocrx_word' id='word_1_37' title='bbox 757 567 829 620; x_wconf 86' lang='lat' dir='ltr'><strong>iubet</strong></span> <span class='ocrx_word' id='word_1_38' title='bbox 843 585 898 620; x_wconf 76' lang='lat' dir='ltr'><strong>one·</strong></span> 
     </span>
     <span class='ocr_line' id='line_1_7' title="bbox 90 643 898 710; baseline 0.001 -18"><span class='ocrx_word' id='word_1_39' title='bbox 90 658 139 693; x_wconf 84' lang='lat' dir='ltr'><strong>nes</strong></span> <span class='ocrx_word' id='word_1_40' title='bbox 154 643 187 694; x_wconf 85' lang='lat' dir='ltr'><strong>ab</strong></span> <span class='ocrx_word' id='word_1_41' title='bbox 201 645 441 709; x_wconf 69' lang='lat' dir='ltr'><strong>arnon-taceam,</strong></span> <span class='ocrx_word' id='word_1_42' title='bbox 466 647 512 709; x_wconf 84' lang='lat' dir='ltr'><strong>qut</strong></span> <span class='ocrx_word' id='word_1_43' title='bbox 525 645 605 694; x_wconf 82' lang='lat' dir='ltr'><strong>aliter</strong></span> <span class='ocrx_word' id='word_1_44' title='bbox 618 647 727 710; x_wconf 63' lang='lat' dir='ltr'><strong>[essisset</strong></span> <span class='ocrx_word' id='word_1_45' title='bbox 743 659 799 695; x_wconf 84' lang='lat' dir='ltr'><strong>eum</strong></span> <span class='ocrx_word' id='word_1_46' title='bbox 813 659 840 694; x_wconf 84' lang='lat' dir='ltr'><strong>se</strong></span> <span class='ocrx_word' id='word_1_47' title='bbox 846 659 898 709; x_wconf 83' lang='lat' dir='ltr'><strong>pro</strong></span> 
     </span>
     <span class='ocr_line' id='line_1_8' title="bbox 91 715 897 785; baseline 0 -17"><span class='ocrx_word' id='word_1_48' title='bbox 91 719 165 768; x_wconf 82' lang='lat' dir='ltr'><strong>hoste</strong></span> <span class='ocrx_word' id='word_1_49' title='bbox 179 717 343 768; x_wconf 80' lang='lat' dir='ltr'><strong>habiturum:</strong></span> <span class='ocrx_word' id='word_1_50' title='bbox 364 715 515 768; x_wconf 90' lang='lat' dir='ltr'><strong>civitatibus</strong></span> <span class='ocrx_word' id='word_1_51' title='bbox 535 715 676 768; x_wconf 84' lang='lat' dir='ltr'><strong>libertatem</strong></span> <span class='ocrx_word' id='word_1_52' title='bbox 695 733 796 785; x_wconf 88' lang='lat' dir='ltr'><strong>suaque</strong></span> <span class='ocrx_word' id='word_1_53' title='bbox 808 715 897 769; x_wconf 89' lang='lat' dir='ltr'><strong>omnia</strong></span> 
     </span>
     <span class='ocr_line' id='line_1_9' title="bbox 91 788 899 859; baseline -0.001 -16"><span class='ocrx_word' id='word_1_54' title='bbox 91 789 217 843; x_wconf 82' lang='lat' dir='ltr'><strong>restituit.</strong></span> <span class='ocrx_word' id='word_1_55' title='bbox 252 788 329 854; x_wconf 87' lang='lat' dir='ltr'><strong>Quod</strong></span> <span class='ocrx_word' id='word_1_56' title='bbox 350 807 403 843; x_wconf 93' lang='lat' dir='ltr'><strong>non</strong></span> <span class='ocrx_word' id='word_1_57' title='bbox 423 789 547 844; x_wconf 78' lang='lat' dir='ltr'><strong>Graeciae</strong></span> <span class='ocrx_word' id='word_1_58' title='bbox 566 789 710 854; x_wconf 83' lang='lat' dir='ltr'><strong>laboribus,</strong></span> <span class='ocrx_word' id='word_1_59' title='bbox 732 789 899 859; x_wconf 77' lang='lat' dir='ltr'><strong>assiduisque</strong></span> 
     </span>
     <span class='ocr_line' id='line_1_10' title="bbox 90 863 900 931; baseline -0.002 -13"><span class='ocrx_word' id='word_1_60' title='bbox 90 863 225 918; x_wconf 89' lang='lat' dir='ltr'><strong>bellorum</strong></span> <span class='ocrx_word' id='word_1_61' title='bbox 238 863 405 918; x_wconf 80' lang='lat' dir='ltr'><strong>internecivis</strong></span> <span class='ocrx_word' id='word_1_62' title='bbox 415 863 483 918; x_wconf 89' lang='lat' dir='ltr'><strong>odiis</strong></span> <span class='ocrx_word' id='word_1_63' title='bbox 493 864 632 918; x_wconf 90' lang='lat' dir='ltr'><strong>consulens</strong></span> <span class='ocrx_word' id='word_1_64' title='bbox 647 864 719 931; x_wconf 88' lang='lat' dir='ltr'><strong>lecit;</strong></span> <span class='ocrx_word' id='word_1_65' title='bbox 741 863 797 928; x_wconf 86' lang='lat' dir='ltr'><strong>sed,</strong></span> <span class='ocrx_word' id='word_1_66' title='bbox 809 880 842 917; x_wconf 90' lang='lat' dir='ltr'><strong>ne</strong></span> <span class='ocrx_word' id='word_1_67' title='bbox 856 879 900 916; x_wconf 67' lang='lat' dir='ltr'><strong>oo</strong></span> 
     </span>
     <span class='ocr_line' id='line_1_11' title="bbox 90 936 900 1012; baseline -0.001 -20"><span class='ocrx_word' id='word_1_68' title='bbox 90 946 188 1009; x_wconf 86' lang='lat' dir='ltr'><strong>cupato</strong></span> <span class='ocrx_word' id='word_1_69' title='bbox 199 938 250 991; x_wconf 91' lang='lat' dir='ltr'><strong>sibi</strong></span> <span class='ocrx_word' id='word_1_70' title='bbox 262 938 391 1011; x_wconf 76' lang='lat' dir='ltr'><strong>Aegyptio</strong></span> <span class='ocrx_word' id='word_1_71' title='bbox 402 938 481 1003; x_wconf 89' lang='lat' dir='ltr'><strong>bello,</strong></span> <span class='ocrx_word' id='word_1_72' title='bbox 494 939 680 1012; x_wconf 90' lang='lat' dir='ltr'><strong>quodpropter</strong></span> <span class='ocrx_word' id='word_1_73' title='bbox 691 938 798 1003; x_wconf 89' lang='lat' dir='ltr'><strong>auxilia,</strong></span> <span class='ocrx_word' id='word_1_74' title='bbox 806 936 900 993; x_wconf 85' lang='lat' dir='ltr'><strong>adver-</strong></span> 
     </span>
     <span class='ocr_line' id='line_1_12' title="bbox 91 1011 897 1086; baseline -0.002 -18"><span class='ocrx_word' id='word_1_75' title='bbox 91 1031 141 1068; x_wconf 87' lang='lat' dir='ltr'><strong>sus</strong></span> <span class='ocrx_word' id='word_1_76' title='bbox 165 1011 306 1083; x_wconf 84' lang='lat' dir='ltr'><strong>praefectos</strong></span> <span class='ocrx_word' id='word_1_77' title='bbox 326 1031 388 1066; x_wconf 91' lang='lat' dir='ltr'><strong>suos</strong></span> <span class='ocrx_word' id='word_1_78' title='bbox 403 1013 614 1068; x_wconf 84' lang='lat' dir='ltr'><strong>Lacedaemoniis</strong></span> <span class='ocrx_word' id='word_1_79' title='bbox 632 1015 722 1078; x_wconf 85' lang='lat' dir='ltr'><strong>missa,</strong></span> <span class='ocrx_word' id='word_1_80' title='bbox 739 1020 897 1086; x_wconf 73' lang='lat' dir='ltr'><strong>susceperat,</strong></span> 
     </span>
     <span class='ocr_line' id='line_1_13' title="bbox 90 1087 899 1161; baseline 0 -19"><span class='ocrx_word' id='word_1_81' title='bbox 90 1089 224 1142; x_wconf 87' lang='lat' dir='ltr'><strong>exercitus</strong></span> <span class='ocrx_word' id='word_1_82' title='bbox 239 1091 282 1140; x_wconf 90' lang='lat' dir='ltr'><strong>sui</strong></span> <span class='ocrx_word' id='word_1_83' title='bbox 295 1088 323 1141; x_wconf 90' lang='lat' dir='ltr'><strong>in</strong></span> <span class='ocrx_word' id='word_1_84' title='bbox 337 1087 444 1142; x_wconf 85' lang='lat' dir='ltr'><strong>Graecia</strong></span> <span class='ocrx_word' id='word_1_85' title='bbox 459 1089 656 1144; x_wconf 79' lang='lat' dir='ltr'><strong>distinerentur.</strong></span> <span class='ocrx_word' id='word_1_86' title='bbox 684 1089 758 1143; x_wconf 88' lang='lat' dir='ltr'><strong>Fessi</strong></span> <span class='ocrx_word' id='word_1_87' title='bbox 771 1089 852 1161; x_wconf 79' lang='lat' dir='ltr'><strong>igitur</strong></span> <span class='ocrx_word' id='word_1_88' title='bbox 863 1096 899 1142; x_wconf 91' lang='lat' dir='ltr'><strong>tot</strong></span> 
     </span>
     <span class='ocr_line' id='line_1_14' title="bbox 89 1162 899 1234; baseline 0 -17"><span class='ocrx_word' id='word_1_89' title='bbox 89 1162 172 1218; x_wconf 89' lang='lat' dir='ltr'><strong>bellis</strong></span> <span class='ocrx_word' id='word_1_90' title='bbox 183 1162 275 1216; x_wconf 89' lang='lat' dir='ltr'><strong>Graeci</strong></span> <span class='ocrx_word' id='word_1_91' title='bbox 285 1163 380 1234; x_wconf 87' lang='lat' dir='ltr'><strong>cupide</strong></span> <span class='ocrx_word' id='word_1_92' title='bbox 390 1181 508 1234; x_wconf 87' lang='lat' dir='ltr'><strong>paruere.</strong></span> <span class='ocrx_word' id='word_1_93' title='bbox 537 1165 584 1217; x_wconf 88' lang='lat' dir='ltr'><strong>llic</strong></span> <span class='ocrx_word' id='word_1_94' title='bbox 594 1182 681 1218; x_wconf 81' lang='lat' dir='ltr'><strong>aunrrs</strong></span> <span class='ocrx_word' id='word_1_95' title='bbox 695 1181 745 1218; x_wconf 91' lang='lat' dir='ltr'><strong>non</strong></span> <span class='ocrx_word' id='word_1_96' title='bbox 757 1181 787 1218; x_wconf 92' lang='lat' dir='ltr'><strong>eo</strong></span> <span class='ocrx_word' id='word_1_97' title='bbox 796 1170 899 1218; x_wconf 88' lang='lat' dir='ltr'><strong>tantum</strong></span> 
     </span>
     <span class='ocr_line' id='line_1_15' title="bbox 90 1236 897 1310; baseline -0.002 -18"><span class='ocrx_word' id='word_1_98' title='bbox 90 1238 211 1310; x_wconf 81' lang='lat' dir='ltr'><strong>insignis</strong></span> <span class='ocrx_word' id='word_1_99' title='bbox 230 1236 289 1304; x_wconf 87' lang='lat' dir='ltr'><strong>fuit,</strong></span> <span class='ocrx_word' id='word_1_100' title='bbox 311 1239 383 1308; x_wconf 88' lang='lat' dir='ltr'><strong>quod</strong></span> <span class='ocrx_word' id='word_1_101' title='bbox 397 1247 501 1309; x_wconf 87' lang='lat' dir='ltr'><strong>repente</strong></span> <span class='ocrx_word' id='word_1_102' title='bbox 518 1257 569 1310; x_wconf 87' lang='lat' dir='ltr'><strong>pax</strong></span> <span class='ocrx_word' id='word_1_103' title='bbox 583 1247 635 1293; x_wconf 89' lang='lat' dir='ltr'><strong>tota</strong></span> <span class='ocrx_word' id='word_1_104' title='bbox 651 1239 758 1294; x_wconf 89' lang='lat' dir='ltr'><strong>Graecia</strong></span> <span class='ocrx_word' id='word_1_105' title='bbox 768 1237 897 1306; x_wconf 86' lang='lat' dir='ltr'><strong>lactaest;</strong></span> 
     </span>
     <span class='ocr_line' id='line_1_16' title="bbox 88 1311 900 1384; baseline -0.004 -16"><span class='ocrx_word' id='word_1_106' title='bbox 88 1313 142 1368; x_wconf 87' lang='lat' dir='ltr'><strong>sed</strong></span> <span class='ocrx_word' id='word_1_107' title='bbox 155 1312 234 1366; x_wconf 86' lang='lat' dir='ltr'><strong>etiem</strong></span> <span class='ocrx_word' id='word_1_108' title='bbox 249 1329 287 1377; x_wconf 90' lang='lat' dir='ltr'><strong>eo,</strong></span> <span class='ocrx_word' id='word_1_109' title='bbox 299 1313 373 1382; x_wconf 90' lang='lat' dir='ltr'><strong>quod</strong></span> <span class='ocrx_word' id='word_1_110' title='bbox 382 1314 473 1368; x_wconf 89' lang='lat' dir='ltr'><strong>eodem</strong></span> <span class='ocrx_word' id='word_1_111' title='bbox 483 1321 598 1384; x_wconf 87' lang='lat' dir='ltr'><strong>tempore</strong></span> <span class='ocrx_word' id='word_1_112' title='bbox 607 1313 672 1367; x_wconf 91' lang='lat' dir='ltr'><strong>urbs</strong></span> <span class='ocrx_word' id='word_1_113' title='bbox 682 1315 799 1368; x_wconf 87' lang='lat' dir='ltr'><strong>Romana</strong></span> <span class='ocrx_word' id='word_1_114' title='bbox 812 1311 900 1367; x_wconf 91' lang='lat' dir='ltr'><strong>aGal-</strong></span> 
     </span>
     <span class='ocr_line' id='line_1_17' title="bbox 91 1387 901 1458; baseline 0.002 -17"><span class='ocrx_word' id='word_1_115' title='bbox 91 1387 127 1442; x_wconf 90' lang='lat' dir='ltr'><strong>lis</strong></span> <span class='ocrx_word' id='word_1_116' title='bbox 137 1395 214 1458; x_wconf 88' lang='lat' dir='ltr'><strong>capta</strong></span> <span class='ocrx_word' id='word_1_117' title='bbox 224 1394 272 1441; x_wconf 86' lang='lat' dir='ltr'><strong>est.</strong></span> <span class='ocrx_word' id='word_1_118' title='bbox 298 1387 350 1441; x_wconf 88' lang='lat' dir='ltr'><strong>Sed</strong></span> <span class='ocrx_word' id='word_1_119' title='bbox 359 1388 557 1443; x_wconf 85' lang='lat' dir='ltr'><strong>Lacedaemonii</strong></span> <span class='ocrx_word' id='word_1_120' title='bbox 566 1389 664 1442; x_wconf 88' lang='lat' dir='ltr'><strong>securis</strong></span> <span class='ocrx_word' id='word_1_121' title='bbox 678 1388 840 1452; x_wconf 87' lang='lat' dir='ltr'><strong>insidiantes,</strong></span> <span class='ocrx_word' id='word_1_122' title='bbox 853 1387 901 1443; x_wconf 81' lang='lat' dir='ltr'><strong>ab·</strong></span> 
     </span>
     <span class='ocr_line' id='line_1_18' title="bbox 89 1461 901 1534; baseline -0.006 -16"><span class='ocrx_word' id='word_1_123' title='bbox 89 1463 208 1518; x_wconf 87' lang='lat' dir='ltr'><strong>sentiam</strong></span> <span class='ocrx_word' id='word_1_124' title='bbox 232 1461 364 1516; x_wconf 79' lang='lat' dir='ltr'><strong>Arcadum</strong></span> <span class='ocrx_word' id='word_1_125' title='bbox 384 1462 522 1534; x_wconf 86' lang='lat' dir='ltr'><strong>speculati,</strong></span> <span class='ocrx_word' id='word_1_126' title='bbox 545 1462 681 1516; x_wconf 88' lang='lat' dir='ltr'><strong>castellum</strong></span> <span class='ocrx_word' id='word_1_127' title='bbox 702 1479 792 1516; x_wconf 92' lang='lat' dir='ltr'><strong>eorum</strong></span> <span class='ocrx_word' id='word_1_128' title='bbox 816 1479 901 1530; x_wconf 83' lang='lat' dir='ltr'><strong>expu-</strong></span> 
     </span>
     <span class='ocr_line' id='line_1_19' title="bbox 88 1537 902 1611; baseline -0.005 -20"><span class='ocrx_word' id='word_1_129' title='bbox 88 1544 187 1611; x_wconf 84' lang='lat' dir='ltr'><strong>gnant,</strong></span> <span class='ocrx_word' id='word_1_130' title='bbox 205 1544 382 1608; x_wconf 88' lang='lat' dir='ltr'><strong>occupatoque</strong></span> <span class='ocrx_word' id='word_1_131' title='bbox 391 1537 554 1608; x_wconf 87' lang='lat' dir='ltr'><strong>praesidium</strong></span> <span class='ocrx_word' id='word_1_132' title='bbox 566 1537 717 1607; x_wconf 87' lang='lat' dir='ltr'><strong>imponunt.</strong></span> <span class='ocrx_word' id='word_1_133' title='bbox 747 1537 846 1606; x_wconf 86' lang='lat' dir='ltr'><strong>ltaque,</strong></span> <span class='ocrx_word' id='word_1_134' title='bbox 860 1553 902 1588; x_wconf 88' lang='lat' dir='ltr'><strong>ar-</strong></span> 
     </span>
     <span class='ocr_line' id='line_1_20' title="bbox 90 1609 902 1682; baseline -0.006 -15"><span class='ocrx_word' id='word_1_135' title='bbox 90 1621 167 1667; x_wconf 88' lang='lat' dir='ltr'><strong>mato</strong></span> <span class='ocrx_word' id='word_1_136' title='bbox 180 1611 360 1682; x_wconf 88' lang='lat' dir='ltr'><strong>instructoque</strong></span> <span class='ocrx_word' id='word_1_137' title='bbox 377 1613 501 1676; x_wconf 88' lang='lat' dir='ltr'><strong>exercitu,</strong></span> <span class='ocrx_word' id='word_1_138' title='bbox 515 1610 637 1675; x_wconf 78' lang='lat' dir='ltr'><strong>Arcades,</strong></span> <span class='ocrx_word' id='word_1_139' title='bbox 650 1609 774 1662; x_wconf 87' lang='lat' dir='ltr'><strong>adhibitis</strong></span> <span class='ocrx_word' id='word_1_140' title='bbox 785 1610 813 1662; x_wconf 92' lang='lat' dir='ltr'><strong>in</strong></span> <span class='ocrx_word' id='word_1_141' title='bbox 824 1609 902 1662; x_wconf 83' lang='lat' dir='ltr'><strong>auxi-</strong></span> 
     </span>
     <span class='ocr_line' id='line_1_21' title="bbox 90 1683 901 1756; baseline -0.004 -15"><span class='ocrx_word' id='word_1_142' title='bbox 90 1688 164 1742; x_wconf 92' lang='lat' dir='ltr'><strong>lium</strong></span> <span class='ocrx_word' id='word_1_143' title='bbox 182 1685 324 1750; x_wconf 75' lang='lat' dir='ltr'><strong>ThebaniS‚</strong></span> <span class='ocrx_word' id='word_1_144' title='bbox 351 1687 448 1741; x_wconf 89' lang='lat' dir='ltr'><strong>amissa</strong></span> <span class='ocrx_word' id='word_1_145' title='bbox 465 1685 534 1740; x_wconf 91' lang='lat' dir='ltr'><strong>bello</strong></span> <span class='ocrx_word' id='word_1_146' title='bbox 553 1691 681 1756; x_wconf 89' lang='lat' dir='ltr'><strong>repetunt.</strong></span> <span class='ocrx_word' id='word_1_147' title='bbox 713 1685 740 1738; x_wconf 94' lang='lat' dir='ltr'><strong>ln</strong></span> <span class='ocrx_word' id='word_1_148' title='bbox 760 1702 790 1738; x_wconf 91' lang='lat' dir='ltr'><strong>eo</strong></span> <span class='ocrx_word' id='word_1_149' title='bbox 803 1683 901 1755; x_wconf 89' lang='lat' dir='ltr'><strong>proelio</strong></span> 
     </span>
     <span class='ocr_line' id='line_1_22' title="bbox 90 1757 898 1830; baseline -0.007 -12"><span class='ocrx_word' id='word_1_150' title='bbox 90 1761 274 1818; x_wconf 82' lang='lat' dir='ltr'><strong>Archidamus</strong></span> <span class='ocrx_word' id='word_1_151' title='bbox 294 1761 351 1814; x_wconf 84' lang='lat' dir='ltr'><strong>dux</strong></span> <span class='ocrx_word' id='word_1_152' title='bbox 369 1761 633 1816; x_wconf 86' lang='lat' dir='ltr'><strong>Lacedaemoniorum</strong></span> <span class='ocrx_word' id='word_1_153' title='bbox 652 1757 818 1827; x_wconf 74' lang='lat' dir='ltr'><strong>vulneratur,</strong></span> <span class='ocrx_word' id='word_1_154' title='bbox 841 1760 898 1830; x_wconf 91' lang='lat' dir='ltr'><strong>qui,</strong></span> 
     </span>
     <span class='ocr_line' id='line_1_23' title="bbox 90 1835 900 1909; baseline -0.004 -19"><span class='ocrx_word' id='word_1_155' title='bbox 90 1853 185 1909; x_wconf 86' lang='lat' dir='ltr'><strong>quum</strong></span> <span class='ocrx_word' id='word_1_156' title='bbox 199 1835 271 1889; x_wconf 86' lang='lat' dir='ltr'><strong>caedi</strong></span> <span class='ocrx_word' id='word_1_157' title='bbox 286 1853 349 1890; x_wconf 88' lang='lat' dir='ltr'><strong>suos</strong></span> <span class='ocrx_word' id='word_1_158' title='bbox 364 1837 416 1890; x_wconf 90' lang='lat' dir='ltr'><strong>iam</strong></span> <span class='ocrx_word' id='word_1_159' title='bbox 429 1845 460 1891; x_wconf 93' lang='lat' dir='ltr'><strong>ut</strong></span> <span class='ocrx_word' id='word_1_160' title='bbox 474 1837 555 1890; x_wconf 88' lang='lat' dir='ltr'><strong>victos</strong></span> <span class='ocrx_word' id='word_1_161' title='bbox 570 1835 677 1900; x_wconf 89' lang='lat' dir='ltr'><strong>videret,</strong></span> <span class='ocrx_word' id='word_1_162' title='bbox 690 1853 736 1906; x_wconf 86' lang='lat' dir='ltr'><strong>per</strong></span> <span class='ocrx_word' id='word_1_163' title='bbox 746 1851 900 1905; x_wconf 88' lang='lat' dir='ltr'><strong>praeconem</strong></span> 
     </span>
     <span class='ocr_line' id='line_1_24' title="bbox 89 1910 902 1982; baseline -0.005 -16"><span class='ocrx_word' id='word_1_164' title='bbox 89 1927 205 1982; x_wconf 81' lang='lat' dir='ltr'><strong>corpora</strong></span> <span class='ocrx_word' id='word_1_165' title='bbox 223 1910 416 1965; x_wconf 85' lang='lat' dir='ltr'><strong>interfectorum</strong></span> <span class='ocrx_word' id='word_1_166' title='bbox 437 1911 470 1966; x_wconf 89' lang='lat' dir='ltr'><strong>ad</strong></span> <span class='ocrx_word' id='word_1_167' title='bbox 488 1910 652 1981; x_wconf 87' lang='lat' dir='ltr'><strong>sepulturam</strong></span> <span class='ocrx_word' id='word_1_168' title='bbox 671 1911 763 1981; x_wconf 83' lang='lat' dir='ltr'><strong>poscit.</strong></span> <span class='ocrx_word' id='word_1_169' title='bbox 796 1911 849 1964; x_wconf 88' lang='lat' dir='ltr'><strong>Hoc</strong></span> <span class='ocrx_word' id='word_1_170' title='bbox 863 1916 902 1962; x_wconf 89' lang='lat' dir='ltr'><strong>est</strong></span> 
     </span>
     <span class='ocr_line' id='line_1_25' title="bbox 89 1984 903 2058; baseline -0.005 -16"><span class='ocrx_word' id='word_1_171' title='bbox 89 1987 169 2042; x_wconf 85' lang='lat' dir='ltr'><strong>enim</strong></span> <span class='ocrx_word' id='word_1_172' title='bbox 181 1985 287 2058; x_wconf 84' lang='lat' dir='ltr'><strong>signum</strong></span> <span class='ocrx_word' id='word_1_173' title='bbox 299 1986 370 2056; x_wconf 89' lang='lat' dir='ltr'><strong>apud</strong></span> <span class='ocrx_word' id='word_1_174' title='bbox 380 1985 491 2040; x_wconf 89' lang='lat' dir='ltr'><strong>Graecos</strong></span> <span class='ocrx_word' id='word_1_175' title='bbox 501 1986 623 2040; x_wconf 85' lang='lat' dir='ltr'><strong>victoriae</strong></span> <span class='ocrx_word' id='word_1_176' title='bbox 633 1985 749 2039; x_wconf 88' lang='lat' dir='ltr'><strong>traditae.</strong></span> <span class='ocrx_word' id='word_1_177' title='bbox 771 1984 828 2050; x_wconf 88' lang='lat' dir='ltr'><strong>Qua</strong></span> <span class='ocrx_word' id='word_1_178' title='bbox 839 2001 903 2038; x_wconf 91' lang='lat' dir='ltr'><strong>con-</strong></span> 
     </span>
     <span class='ocr_line' id='line_1_26' title="bbox 89 2059 828 2134; baseline -0.007 -18"><span class='ocrx_word' id='word_1_179' title='bbox 89 2061 211 2116; x_wconf 84' lang='lat' dir='ltr'><strong>fessione</strong></span> <span class='ocrx_word' id='word_1_180' title='bbox 220 2061 333 2114; x_wconf 89' lang='lat' dir='ltr'><strong>contenti</strong></span> <span class='ocrx_word' id='word_1_181' title='bbox 344 2061 461 2115; x_wconf 85' lang='lat' dir='ltr'><strong>Thebani</strong></span> <span class='ocrx_word' id='word_1_182' title='bbox 474 2061 583 2134; x_wconf 85' lang='lat' dir='ltr'><strong>signum</strong></span> <span class='ocrx_word' id='word_1_183' title='bbox 593 2059 715 2131; x_wconf 88' lang='lat' dir='ltr'><strong>parcendi</strong></span> <span class='ocrx_word' id='word_1_184' title='bbox 725 2059 828 2112; x_wconf 87' lang='lat' dir='ltr'><strong>dedere.</strong></span> 
     </span>
    </p>

    <p class='ocr_par' dir='ltr' id='par_1_4' title="bbox 90 2131 906 2432">
     <span class='ocr_line' id='line_1_27' title="bbox 153 2131 903 2207; baseline -0.008 -17"><span class='ocrx_word' id='word_1_185' title='bbox 153 2135 224 2190; x_wconf 77' lang='lat' dir='ltr'><strong>Cur.</strong></span> <span class='ocrx_word' id='word_1_186' title='bbox 245 2136 300 2191; x_wconf 86' lang='lat' dir='ltr'><strong>Vll.</strong></span> <span class='ocrx_word' id='word_1_187' title='bbox 320 2136 413 2190; x_wconf 87' lang='lat' dir='ltr'><strong>Paucis</strong></span> <span class='ocrx_word' id='word_1_188' title='bbox 423 2135 518 2190; x_wconf 88' lang='lat' dir='ltr'><strong>deinde</strong></span> <span class='ocrx_word' id='word_1_189' title='bbox 526 2144 585 2207; x_wconf 91' lang='lat' dir='ltr'><strong>post</strong></span> <span class='ocrx_word' id='word_1_190' title='bbox 595 2136 697 2197; x_wconf 81' lang='lat' dir='ltr'><strong>diebus,</strong></span> <span class='ocrx_word' id='word_1_191' title='bbox 713 2133 812 2187; x_wconf 86' lang='lat' dir='ltr'><strong>neutris</strong></span> <span class='ocrx_word' id='word_1_192' title='bbox 822 2131 903 2202; x_wconf 92' lang='lat' dir='ltr'><strong>quid-</strong></span> 
     </span>
     <span class='ocr_line' id='line_1_28' title="bbox 90 2206 906 2284; baseline -0.004 -20"><span class='ocrx_word' id='word_1_193' title='bbox 90 2209 448 2284; x_wconf 77' lang='lat' dir='ltr'><strong>quamhostilefacientibuS,</strong></span> <span class='ocrx_word' id='word_1_194' title='bbox 456 2229 540 2282; x_wconf 91' lang='lat' dir='ltr'><strong>quum</strong></span> <span class='ocrx_word' id='word_1_195' title='bbox 552 2210 629 2282; x_wconf 88' lang='lat' dir='ltr'><strong>quasi</strong></span> <span class='ocrx_word' id='word_1_196' title='bbox 641 2210 716 2263; x_wconf 87' lang='lat' dir='ltr'><strong>tacito</strong></span> <span class='ocrx_word' id='word_1_197' title='bbox 725 2206 906 2273; x_wconf 67' lang='lat' dir='ltr'><strong>consensuin-</strong></span> 
     </span>
     <span class='ocr_line' id='line_1_29' title="bbox 91 2279 902 2350; baseline -0.007 -8"><span class='ocrx_word' id='word_1_198' title='bbox 91 2286 192 2342; x_wconf 89' lang='lat' dir='ltr'><strong>duciae</strong></span> <span class='ocrx_word' id='word_1_199' title='bbox 206 2292 302 2350; x_wconf 90' lang='lat' dir='ltr'><strong>essent,</strong></span> <span class='ocrx_word' id='word_1_200' title='bbox 318 2285 529 2341; x_wconf 89' lang='lat' dir='ltr'><strong>Lacedaemoniis</strong></span> <span class='ocrx_word' id='word_1_201' title='bbox 544 2286 594 2340; x_wconf 88' lang='lat' dir='ltr'><strong>alia</strong></span> <span class='ocrx_word' id='word_1_202' title='bbox 604 2283 673 2338; x_wconf 87' lang='lat' dir='ltr'><strong>bella</strong></span> <span class='ocrx_word' id='word_1_203' title='bbox 683 2283 809 2338; x_wconf 84' lang='lat' dir='ltr'><strong>adversus</strong></span> <span class='ocrx_word' id='word_1_204' title='bbox 822 2279 902 2336; x_wconf 87' lang='lat' dir='ltr'><strong>finiti-</strong></span> 
     </span>
     <span class='ocr_line' id='line_1_30' title="bbox 92 2357 903 2432; baseline -0.007 -16"><span class='ocrx_word' id='word_1_205' title='bbox 92 2378 155 2416; x_wconf 88' lang='lat' dir='ltr'><strong>mos</strong></span> <span class='ocrx_word' id='word_1_206' title='bbox 170 2361 331 2432; x_wconf 83' lang='lat' dir='ltr'><strong>gerentibus,</strong></span> <span class='ocrx_word' id='word_1_207' title='bbox 344 2361 462 2416; x_wconf 83' lang='lat' dir='ltr'><strong>Thebani</strong></span> <span class='ocrx_word' id='word_1_208' title='bbox 474 2359 656 2431; x_wconf 89' lang='lat' dir='ltr'><strong>Epaminonda</strong></span> <span class='ocrx_word' id='word_1_209' title='bbox 666 2357 903 2428; x_wconf 86' lang='lat' dir='ltr'><strong>duceoccupandae</strong></span> 
     </span>
    </p>
   </div>
   <div class='ocr_carea' id='block_1_3' title="bbox 4 2433 904 2734">
    <p class='ocr_par' dir='ltr' id='par_1_5' title="bbox 4 2433 904 2734">
     <span class='ocr_line' id='line_1_31' title="bbox 4 2433 904 2511; baseline -0.01 -19"><span class='ocrx_word' id='word_1_210' title='bbox 4 2477 5 2482; x_wconf 66' lang='lat'><strong>,</strong></span> <span class='ocrx_word' id='word_1_211' title='bbox 92 2436 175 2491; x_wconf 83' lang='lat' dir='ltr'><strong>urbis</strong></span> <span class='ocrx_word' id='word_1_212' title='bbox 183 2452 282 2492; x_wconf 64' lang='lat' dir='ltr'><strong>‚eorum</strong></span> <span class='ocrx_word' id='word_1_213' title='bbox 295 2452 368 2506; x_wconf 89' lang='lat' dir='ltr'><strong>spem</strong></span> <span class='ocrx_word' id='word_1_214' title='bbox 378 2444 510 2507; x_wconf 88' lang='lat' dir='ltr'><strong>ceperunt.</strong></span> <span class='ocrx_word' id='word_1_215' title='bbox 539 2435 622 2507; x_wconf 83' lang='lat' dir='ltr'><strong>Igitur</strong></span> <span class='ocrx_word' id='word_1_216' title='bbox 632 2433 761 2504; x_wconf 88' lang='lat' dir='ltr'><strong>principio</strong></span> <span class='ocrx_word' id='word_1_217' title='bbox 771 2433 853 2487; x_wconf 87' lang='lat' dir='ltr'><strong>noctis</strong></span> <span class='ocrx_word' id='word_1_218' title='bbox 864 2439 904 2511; x_wconf 75' lang='lat' dir='ltr'><strong>ta-¹</strong></span> 
     </span>
     <span class='ocr_line' id='line_1_32' title="bbox 92 2502 903 2581; baseline -0.011 -17"><span class='ocrx_word' id='word_1_219' title='bbox 92 2510 142 2564; x_wconf 87' lang='lat' dir='ltr'><strong>citi</strong></span> <span class='ocrx_word' id='word_1_220' title='bbox 166 2510 361 2565; x_wconf 89' lang='lat' dir='ltr'><strong>Lacedaemona</strong></span> <span class='ocrx_word' id='word_1_221' title='bbox 379 2511 594 2581; x_wconf 72' lang='lat' dir='ltr'><strong>proficiscuntur,</strong></span> <span class='ocrx_word' id='word_1_222' title='bbox 617 2528 669 2564; x_wconf 90' lang='lat' dir='ltr'><strong>non</strong></span> <span class='ocrx_word' id='word_1_223' title='bbox 689 2517 776 2562; x_wconf 88' lang='lat' dir='ltr'><strong>tamen</strong></span> <span class='ocrx_word' id='word_1_224' title='bbox 795 2502 903 2575; x_wconf 73' lang='lat' dir='ltr'><strong>adgredi</strong></span> 
     </span>
     <span class='ocr_line' id='line_1_33' title="bbox 94 2578 904 2660; baseline -0.015 -21"><span class='ocrx_word' id='word_1_225' title='bbox 94 2586 218 2639; x_wconf 88' lang='lat' dir='ltr'><strong>incautos</strong></span> <span class='ocrx_word' id='word_1_226' title='bbox 237 2593 391 2655; x_wconf 84' lang='lat' dir='ltr'><strong>potueruut:</strong></span> <span class='ocrx_word' id='word_1_227' title='bbox 412 2585 512 2658; x_wconf 90' lang='lat' dir='ltr'><strong>quippe</strong></span> <span class='ocrx_word' id='word_1_228' title='bbox 527 2602 601 2638; x_wconf 89' lang='lat' dir='ltr'><strong>senes</strong></span> <span class='ocrx_word' id='word_1_229' title='bbox 611 2592 636 2638; x_wconf 86' lang='lat' dir='ltr'><strong>et</strong></span> <span class='ocrx_word' id='word_1_230' title='bbox 644 2591 726 2637; x_wconf 86' lang='lat' dir='ltr'><strong>cetera</strong></span> <span class='ocrx_word' id='word_1_231' title='bbox 737 2578 851 2660; x_wconf 77' lang='lat' dir='ltr'><strong>imbellis</strong></span> <span class='ocrx_word' id='word_1_232' title='bbox 861 2590 904 2656; x_wconf 75' lang='lat' dir='ltr'><strong>ae-</strong></span> 
     </span>
     <span class='ocr_line' id='line_1_34' title="bbox 93 2652 904 2734; baseline -0.015 -19"><span class='ocrx_word' id='word_1_233' title='bbox 93 2669 148 2726; x_wconf 84' lang='lat' dir='ltr'><strong>tas,</strong></span> <span class='ocrx_word' id='word_1_234' title='bbox 170 2677 257 2734; x_wconf 90' lang='lat' dir='ltr'><strong>quum</strong></span> <span class='ocrx_word' id='word_1_235' title='bbox 277 2660 420 2718; x_wconf 87' lang='lat' dir='ltr'><strong>adventum</strong></span> <span class='ocrx_word' id='word_1_236' title='bbox 435 2661 551 2717; x_wconf 91' lang='lat' dir='ltr'><strong>hostium</strong></span> <span class='ocrx_word' id='word_1_237' title='bbox 566 2657 780 2732; x_wconf 88' lang='lat' dir='ltr'><strong>praesensissent,</strong></span> <span class='ocrx_word' id='word_1_238' title='bbox 796 2652 824 2703; x_wconf 86' lang='lat' dir='ltr'><strong>in</strong></span> <span class='ocrx_word' id='word_1_239' title='bbox 839 2661 904 2717; x_wconf 74' lang='lat' dir='ltr'><strong>rpsrs</strong></span> 
     </span>
    </p>
   </div>
   <div class='ocr_carea' id='block_1_4' title="bbox 0 0 1020 3010">
    <p class='ocr_par' dir='ltr' id='par_1_6' title="bbox 0 0 1020 3010">
     <span class='ocr_line' id='line_1_35' title="bbox 0 0 1020 3010; baseline 0 0"><span class='ocrx_word' id='word_1_240' title='bbox 0 0 1020 3010; x_wconf 95' lang='lat' dir='ltr'><strong> </strong></span> 
     </span>
    </p>
   </div>
  </div>
 </body>
</html>
