2014 3000
129 175 162 229 η
361 176 512 224 IUSTINI
533 177 691 222 HISTOR.

184 279 252 334 Car.
274 280 310 332 X.
332 278 431 333 Occisis
445 277 542 404 Magis,
559 293 655 348 magna
670 275 778 361 quidem
791 273 875 348 gloria
890 293 930 330 re-

128 355 195 425 oepti
205 354 279 424 regni
288 353 439 424 principum
450 349 512 405 iuit:
525 350 571 404 sed
581 350 664 404 multo
674 351 756 404 maior
767 351 830 404 ineo
833 351 928 421 „quod

128 446 214 500 quum
238 429 270 481 de
295 444 375 500 regno
398 426 574 499 ambigerent,
599 425 754 479 coneordare
777 432 929 495 potuerunt

128 504 210 556 Erant
222 503 294 560 enim
312 504 409 572 virtute
421 509 446 554 et
462 499 614 556 nobilitate'
607 508 641 554 ιιι
656 517 740 570 pares,
756 507 785 553 ut
795 499 930 554 difficilem

128 595 162 632 ex
178 577 220 630 his
234 577 493 648 populoel'ectionem
503 574 645 646 aequalitas
655 573 758 628 iaceret
785 574 877 647 Ipsiig
878 576 931 630 itur

77 719 78 722 Ἴ
129 653 200 706 viam
211 652 377 716 invenerunt,
394 669 447 723 qua
458 651 490 704 de
499 667 528 704 se
540 648 668 704 iudicium
679 648 800 722 religioni
809 657 834 702 et
848 648 931 704 fortu-

128 743 178 780 rrae
187 727 388 782 committerent
409 725 530 797 pactique
540 725 606 776 mter
616 741 644 776 se
656 730 728 788 sunt
744 730 774 776 ut
783 723 826 777 dre
835 731 931 778 statuta

128 819 229 865 omnes,
245 819 327 874 equos
341 808 400 856 ante
414 800 513 872 regiam
528 798 615 869 primo
625 815 700 851 mane
709 798 889 869 perducerent,
906 806 932 852 et

128 876 206 930 ouius
221 894 306 948 equus
324 877 391 930 inter
404 873 467 928 solis
475 881 563 928 ortum
573 872 708 926 hinnitum
718 873 821 943 primus
832 873 933 928 edidis-

128 958 175 1013 set,
188 950 211 1003 is
221 967 267 1004 rex
279 957 355 1004 esset
382 950 448 1002 Nam
459 955 484 1002 et
494 947 575 1002 solem
584 947 676 1001 Persae
686 965 772 1002 unum
783 947 862 1002 deum
874 965 932 1004 esse

128 1024 246 1088 eredunt,
228 1030 290 1078 et
299 1041 381 1096 equos
389 1021 533 1077 erdemdeo
542 1029 654 1076 sacratos
664 1021 759 1076 ferunt
791 1023 871 1076 Erat
863 1031 933 1078 inter

127 1099 274 1152 ooniuratos
284 1099 377 1152 Darius
378 1097 524 1184 Hystaspis
535 1097 620 1151 silius:
632 1113 674 1150 our
668 1096 720 1150 de
729 1114 810 1170 regno
819 1097 933 1154 sollicito

127 1190 190 1245 eqm
200 1181 288 1228 eustos
301 1175 345 1238 ait,
362 1191 385 1226 ιι
395 1190 423 1226 ea
434 1190 475 1226 res
488 1172 621 1227 victoriam
632 1179 787 1234 moraretur,
804 1171 873 1226 nihil
885 1192 933 1228 ne-

126 1247 190 1332 getii
203 1265 349 1318 superesse
382 1249 431 1301 Per
445 1255 545 1301 noctem
557 1246 650 1300 deinde
662 1263 761 1316 equum
773 1245 859 1316 pridie
868 1265 933 1302 oon-

127 1321 244 1375 stitutam
265 1323 336 1377 diem
355 1321 388 1378 ad
402 1321 515 1376 eundem
534 1321 620 1375 locum
634 1320 720 1385 ducit,
742 1321 833 1392 ibique
847 1339 932 1394 equae

127 1396 248 1461 admittit,
261 1405 341 1460 ratus,
353 1362 768 1467 exvoiirptateVenerisiutuirrm
771 1397 932 1466 ‚quodeve-

127 1472 175 1526 nit
197 1473 299 1526 Postera
309 1472 368 1526 dre
361 1480 457 1542 itaque
464 1489 550 1542 quum
560 1470 594 1524 ad
603 1477 725 1524 statutam
735 1471 827 1524 horam
837 1489 932 1528 omnes

126 1547 318 1612 convenissent,
330 1547 401 1601 Duru
410 1563 503 1618 equus
521 1545 624 1618 oognito
635 1544 698 1608 1000,
710 1563 742 1598 ex
752 1545 883 1602 desiderio
893 1548 932 1604 fo-

126 1639 214 1676 minae
221 1622 356 1676 hmnrtum
364 1621 450 1675 statim
459 1620 552 1675 edrdrt
559 1627 584 1674 et
587 1619 727 1692 segnibus
735 1619 802 1684 aius
809 1619 874 1676 felix
883 1641 929 1678 au

126 1695 240 1766 spicium
252 1696 360 1750 donnino
369 1697 472 1766 primus
482 1695 579 1749 emisit.
595 1695 676 1748 Tanta
686 1694 828 1749 moderatio
838 1699 931 1752 oeteris

125 1767 184 1833 fuit,
192 1769 280 1822 audito
288 1786 413 1840 auspicio
422 1778 451 1824 ut
459 1769 595 1823 oonfestrm
605 1769 841 1840 equisdesilierint‚
849 1775 931 1827 etDa—

125 1843 196 1897 rium
207 1860 294 1916 regem
303 1843 483 1898 salutaverint.
496 1842 611 1914 Populus
620 1845 883 1930 quoqueuniversus‚
889 1865 931 1902 se-

125 1925 202 1971 cutus
210 1917 338 1971 mdiorum
347 1935 507 1989 principum
515 1917 682 1971 eundemo
637 1935 725 1991 regem
734 1920 879 1974 eonstituit.
886 1923 931 1976 Sie

124 1994 391 2066 regnumPorsarum,
402 2000 501 2062 septem
511 1991 770 2047 nobilissimorum'
745 2011 863 2048 virorum
876 1998 932 2051 vir-

124 2075 179 2122 tute
189 2067 347 2139 quaesitum,
355 2074 408 2121 tam
419 2066 470 2121 levi
480 2075 611 2122 momento
621 2067 649 2121 in
661 2085 744 2121 unum
750 2067 874 2123 collatum
880 2081 929 2124 est.

124 2143 280 2198 Incredibile
293 2159 408 2213 prorsus,
423 2149 491 2196 tanta
503 2142 625 2212 patientia
635 2143 743 2196 oessisse
752 2160 804 2207 eos,
817 2145 890 2214 quod
902 2155 933 2200 ut

124 2217 254 2288 eriperent
275 2217 374 2290 Magis¹
396 2217 463 2270 mori
483 2235 535 2271 non
551 2217 738 2271 recusaverint
767 2185 932 2304 Qdanquam

124 2298 225 2361 praeter
234 2291 346 2346 formam
358 2291 534 2362 virtutemque
547 2290 611 2345 hoe
604 2291 714 2361 rmperio
722 2291 841 2364 dignam,
849 2294 932 2348 etiam

123 2365 244 2450 oognatio
253 2366 330 2419 Dario
344 2366 431 2420 iunota
442 2383 502 2420 oum
513 2365 631 2450 pristinis
641 2365 754 2451 regibus.
762 2365 821 2419 tuit.
851 2368 934 2422 Prin-

123 2438 234 2521 ⁰ipi90
207 2439 289 2492 ioitur
305 2441 379 2512 regni
394 2440 456 2513 Cyri
468 2441 537 2513 regis
548 2439 646 2494 filiam
640 2457 668 2494 ιιι
678 2441 878 2495 matrimonium
889 2461 935 2496 re-

123 2512 200 2578 cepit,
214 2512 348 2584 regalibus
358 2515 459 2583 nuptiis
470 2531 582 2586 rognum
593 2515 760 2569 firmaturus:
771 2523 862 2569 utnon
875 2523 933 2570 tam

123 2579 151 2632 in
163 2592 316 2638 extraneum
327 2587 482 2641 translatum
487 2605 583 2659 ‚quam
595 2607 622 2642 ιιι
634 2588 760 2644 familiam
767 2588 830 2663 Cyri
841 2605 936 2662 reyer-

122 2667 184 2706 sum
196 2655 336 2712 videretur
362 2662 496 2716 Interiecto
506 2662 600 2718 deinde
612 2671 735 2735 tempore,
748 2682 835 2736 quum
830 2650 997 2752 Amy-

914 2813 932 2846 ἱ

931 2846 956 2884 ἱ..
