1998 3006
132 193 181 245 ⁴28
364 195 515 239 IUSTINl
533 193 688 239 HISTOR.

130 292 313 350 Thessalonice
327 294 458 366 privigna,
477 301 502 348 et
513 294 568 364 ipsa
579 292 647 347 clara
657 292 772 362 Philippi
787 293 868 363 patris
885 313 930 348 no-

130 369 210 430 mine,
230 367 380 441 multaeque
396 368 462 422 aliae
477 369 626 452 principum
641 375 781 430 matronae,
798 368 929 438 speciosus

131 443 217 514 magis
235 460 316 512 quam
337 443 410 497 utilis
429 461 508 516 grex,
526 443 633 496 comites
648 441 729 496 fuere
761 443 829 496 llaec
846 461 929 514 quum

131 517 249 571 nuntiata
265 516 412 572 Cassandro
424 535 465 571 ess
467 525 518 580 ent
521 518 618 571 -statim
630 517 705 571 citato
718 533 797 570 cursu
812 517 929 590 Pydnam

131 591 203 646 veuit
217 599 242 644 et
257 593 350 646 urbem
365 592 500 646 obsidione
514 591 605 664 cingit.
635 589 747 657 Quums
746 609 803 644 arne
813 590 930 664 ferroque

130 675 267 738 urgeretur
281 666 427 741 Olympias
445 667 537 740 longae
551 665 697 720 obsidionis
712 665 795 719 taedio
806 677 876 736 pacta
887 686 930 720 sa·
982 657 983 684 r

131 740 186 794 lute
205 741 297 795 victori
316 760 344 796 se
363 741 478 795 tradidit
511 741 562 795 Sed
577 741 722 795 Cassander
737 740 770 794 ad
781 758 931 795 concionem
982 757 983 794 fi

131 824 222 870 vocato
236 817 342 887 populo,
359 815 932 900 sciscitaturusquiddeOlympiodefierioe-

132 895 189 954 lint,
206 891 331 946 subornat
346 900 464 961 parentes
479 887 681 954 interfectorum,
696 890 743 960 qui
756 901 842 943 sumta
855 889 933 963 lugu·
982 879 983 966 l

51 1025 54 1034 Ι
131 966 174 1018 brr
189 973 259 1019 veste
276 965 455 1019 crudelitatem
473 965 592 1019 mulieris
607 974 766 1018 accusarert
798 965 933 1051 Aquibus

131 1056 233 1093 accensi
227 1039 428 1094 Macedones'
407 1057 464 1094 srne
477 1048 593 1109 respectu
605 1040 730 1110 pristinae
740 1039 881 1092 maiestatis
891 1058 935 1093 oo-
982 1059 983 1062 ¹

131 1113 268 1167 cidcndam
280 1113 438 1169 decernunt
460 1115 626 1167 immemores
638 1131 753 1184 prorsus
765 1114 836 1184 quod
847 1133 920 1185 perr
904 1115 934 1168 sr-

132 1187 235 1241 lium
213 1205 269 1241 erus
285 1189 427 1260 virumque
440 1207 491 1243 non
507 1188 592 1259 solum
607 1189 687 1242 vitam
711 1189 760 1258 ipsi
777 1189 843 1242 inter
854 1190 938 1243 liniti·
982 1153 983 1258 l

132 1280 189 1316 mos
200 1270 282 1316 tutam
294 1264 456 1325 habuissent.
471 1281 561 1317 verurn
573 1264 649 1316 etiam
662 1271 745 1316 tantas
754 1280 816 1333 opes
828 1264 937 1334 imperi·
982 1261 983 1264 ’

132 1354 233 1408 umque
241 1339 312 1392 orbis
321 1339 491 1410 quaesissent.
521 1337 571 1392 Sed
584 1337 722 1411 Olympias
733 1338 778 1390 ubi
790 1339 937 1392 obstinatos

131 1413 221 1466 venire
236 1413 268 1466 ad
284 1432 310 1468 se
320 1421 431 1468 armatos
442 1413 516 1476 vidit,
529 1421 600 1466 veste
613 1412 702 1486 regali,
715 1411 820 1466 duabus
832 1414 938 1467 ancillis

132 1489 225 1542 innixa
249 1488 317 1543 ultro
342 1489 448 1542 obviarn
464 1487 600 1574 procedit.
622 1486 679 1552 Qua
698 1488 752 1541 visa
768 1504 939 1557 percussores

131 1564 232 1618 attoniti
249 1563 350 1618 lortuna
365 1563 507 1617 malestatis
521 1561 616 1633 prioris
632 1570 657 1615 et
670 1570 705 1614 tot
718 1562 744 1614 in
754 1579 782 1615 ea
795 1564 940 1617 memoriae

131 1640 331 1692 occurrentibus
347 1656 440 1712 regum
456 1655 565 1691 suorum
578 1636 730 1690 nominibus
744 1637 938 1692 substiterunt:

129 1713 214 1766 donec
224 1731 237 1766 a
249 1713 395 1767 Cassandro
406 1713 562 1775 missisunt,
574 1711 620 1782 qui
632 1729 688 1764 eam
699 1710 875 1775 confoderent,
884 1731 940 1767 nou

132 1787 304 1860 refugientem
319 1786 438 1858 gladium
456 1803 503 1840 nec
514 1785 621 1840 vulnera
636 1795 681 1839 aut
691 1785 854 1840 muliebriter
865 1788 941 1842 voci-

132 1829 272 1926 serentem3
295 1861 381 1914 sed
355 1879 472 1915 vrrorum
489 1878 560 1915 more
572 1860 676 1914 fortium
688 1877 734 1930 pro
744 1859 827 1933 gloria
840 1863 940 1915 veteris

131 1935 267 2006 prosapiae
282 1936 357 1990 morti
373 1937 597 1998 succumbentem
610 1943 640 1989 ut
651 1935 830 1988 Alexandrum
846 1953 941 2006 posses

131 2010 210 2062 etiam
227 2009 252 2062 in
269 2011 395 2064 moriente
416 2019 498 2063 matre
517 2025 681 2082 cognoscere.
712 2009 869 2064 Cornsisse'
861 2029 942 2064 rnsu-

132 2102 178 2156 per
188 2085 324 2155 exspirans
335 2083 441 2156 capillos
451 2093 476 2136 et
486 2091 554 2137 veste
567 2101 642 2137 crura
653 2085 798 2138 contexisse
804 2084 899 2148 fertur,
908 2103 944 2138 ne

130 2159 198 2230 quid
221 2167 308 2230 posset
328 2160 354 2212 in
377 2175 483 2229 corpore
501 2159 558 2211 eius
579 2158 730 2212 indecorum
750 2159 844 2213 videri.
880 2162 945 2214 Post

132 2234 196 2286 haec
218 2234 363 2288 Cassander
387 2232 597 2294 Thessalonicen,
624 2233 693 2306 regis
713 2232 818 2288 Aridaei
841 2233 942 2298 filiam,

131 2324 241 2360 uxorem
262 2308 346 2374 ducit3
370 2307 454 2361 silium
474 2307 616 2361 Alexandri
637 2325 698 2360 cum
714 2321 796 2364 matre
810 2310 838 2363 in
848 2327 945 2364 arcem

129 2380 374 2451 Amphipolitanam
384 2381 568 2436 custodiendos
581 2382 670 2437 mittit.

416 2571 644 2599 *00⁶³*-
