2014 3000
357 155 506 201 rusrrnr
524 133 695 198 Hieron.¹

232 477 429 538 LIBER
470 472 810 536 SEPTIMUS.

431 627 613 650 ,...“-“’-.“-..-““““-““-“““-

116 737 142 774 ,A
150 738 166 774 R
173 739 198 774 G.
212 739 261 786 Cap,
269 743 287 774 1.
298 735 418 775 Macedonia
425 742 488 774 verus.
503 739 522 771 2.
533 733 639 772 Perdiccae
649 734 726 770 domus.
739 737 757 772 3.
768 734 869 784 Amyntas
878 749 921 773 rex.

260 799 355 838 Busiris.
369 803 433 837 4-o.
446 800 538 847 Regnum
548 799 573 834 ad
581 795 701 845 Philippum
710 797 799 834 devenit.

176 914 249 978 Car.
271 923 292 976 1.
313 921 462 976 Macedonia
481 929 564 976 antea
582 920 689 974 nomine
702 920 869 976 Emathionis
883 940 925 976 re-

119 998 170 1070 gis,
187 997 264 1051 cuius
278 996 364 1066 prima
378 995 482 1050 virtutis
498 996 675 1066 experimenta
690 995 717 1048 in
733 994 786 1048 illis
801 995 864 1050 locis
877 1015 925 1052 ex·
997 995 998 1004 ’

119 1079 197 1136 stant,
215 1070 335 1124 Emathia
346 1071 578 1144 cognominataest.
599 1069 684 1123 Huius
693 1069 926 1126 sioutiiucrcmen-

120 1155 144 1199 ta
156 1145 266 1210 modica,
278 1145 312 1199 ita
323 1146 428 1198 termini
438 1145 590 1218 perangusti
601 1143 682 1198 luere.
709 1144 826 1215 Populus
836 1145 925 1200 Pelas-

118 1221 156 1292 gi,
178 1221 249 1292 regio
271 1221 353 1274 Bottia
372 1221 517 1274 dicebatur.
548 1219 598 1273 Sed
615 1236 703 1289 postea
718 1219 814 1273 virtute
829 1238 924 1294 regum

118 1301 144 1348 et
157 1296 242 1368 gentis
256 1295 385 1350 industria
401 1295 516 1349 subactis
527 1295 612 1365 primo
622 1293 750 1358 finitimis,
763 1311 825 1350 mox
839 1313 925 1366 popu-

119 1368 152 1422 lis
167 1370 379 1441 nationibusque,
395 1369 663 1440 imperiumadusque
673 1378 802 1422 extremos
809 1369 924 1424 Orientis
997 1407 998 1414 η

119 1446 245 1500 terminos
266 1445 405 1517 prolatum.
440 1447 470 1498 ln
490 1445 595 1516 regione
615 1442 739 1507 Paeonia,
761 1461 830 1514 quae
849 1463 924 1500 nunc
997 1467 998 1508 ς

118 1521 251 1591 portioest
273 1519 446 1583 Macedoniae,
468 1535 592 1591 regnasse
611 1517 692 1572 fertur
712 1517 833 1590 Pelagon,
851 1529 924 1592 pater

119 1595 277 1665 Asteropaei‚
293 1596 370 1648 cuius
381 1594 491 1648 Troiano
504 1593 573 1648 bello
584 1593 650 1646 inter
664 1591 824 1648 clarissimos
836 1595 925 1648 vindi-

118 1685 161 1721 ces
175 1670 250 1723 urbis
266 1687 361 1725 nomen
376 1669 533 1738 accepimus
564 1669 605 1722 Ex
620 1667 670 1721 alio
684 1666 762 1721 latere
776 1669 805 1722 in
817 1670 924 1742 Europa

119 1761 231 1814 regnum
247 1744 369 1812 Europus
387 1743 493 1796 nomine
509 1742 601 1796 tenuit.
632 1743 683 1796 Sed
697 1750 723 1796 et
732 1743 851 1798 Caranus
862 1763 925 1799 eum

119 1833 215 1888 magna
230 1815 400 1870 multitudine
414 1817 573 1870 Graecorum
588 1817 663 1871 sedes
678 1819 705 1872 in
721 1818 873 1874 Macedonia
885 1838 926 1872 re·

118 1907 215 1962 sponso
224 1890 323 1944 oraculi
333 1891 422 1944 iussus
435 1909 569 1962 quaerere,
581 1910 667 1962 quum
676 1893 826 1946 Emathiam
834 1895 926 1948 venis-

118 1973 165 2030 set,
179 1965 272 2020 urbem
284 1965 409 2020 Edessam
421 1983 472 2020 non
485 1967 657 2021 sentientibus
666 1966 805 2039 oppidanis
818 1978 925 2039 propter

118 2041 248 2096 imbrium
268 2048 293 2094 et
312 2040 422 2096 nebulae
432 2042 652 2114 magnitudinem,
665 2060 771 2116 gregem
782 2059 926 2112 caprarum

118 2117 231 2171 imbrem
249 2115 408 2190 fugientium
423 2123 537 2181 secutus,
557 2118 706 2188 occupavit;
733 2126 929 2190 revocatusque

118 2192 147 2245 in
167 2193 322 2246 memoriam
343 2191 450 2255 oraculi,
468 2209 521 2262 quo
539 2192 627 2246 iussus
642 2200 695 2245 erat
709 2196 818 2246 ducibus
834 2199 929 2261 capris

118 2270 255 2332 inspeciem
274 2285 409 2335 quaerere,
426 2267 501 2338 regni
516 2265 604 2320 sedem
619 2267 721 2334 statuit;
748 2265 930 2340 religioseque

118 2346 207 2406 postea
224 2340 382 2406 observavit,
395 2358 565 2412 quocumque
575 2359 668 2414 agmen
680 2350 803 2405 moveret,
817 2351 879 2396 ante
889 2344 931 2396 si-

117 2425 169 2479 gna
181 2413 285 2465 easdem
295 2431 386 2483 capras
400 2416 504 2479 babere,
518 2424 668 2487 coeptorum
678 2416 759 2469 duces
769 2415 929 2482 habiturum

118 2499 185 2549 quas
200 2486 275 2555 regni
291 2487 418 2542 habuerat
429 2497 554 2542 auctores.
577 2491 673 2544 Urbem
684 2490 811 2544 Edessam
821 2491 857 2545 ob
867 2509 931 2546 me-

117 2555 229 2608 moriam
245 2561 363 2612 muneris
380 2561 489 2632 Aegeas,
510 2563 639 2634 populum
660 2564 793 2636 Aegeadas
807 2567 929 2620 vocavit.

116 2622 196 2678 Pulso
210 2627 304 2683 deinde
318 2632 388 2686 Mida
404 2633 474 2704 (nam
490 2636 513 2689 is
528 2655 635 2710 quoque
644 2640 790 2712 portionem
803 2639 932 2696 Macedo·
