2022 3010
360 138 433 183 LIB.
452 139 486 186 V.
518 140 598 186 cAP.
621 141 663 186 11.
879 135 912 187 55

105 235 223 300 exsules,
239 254 320 307 quam
336 255 364 292 se
379 238 407 291 in
422 238 547 294 exsilium
561 245 630 294 actos
642 239 819 312 indignantes,
834 241 911 311 quasi

107 329 171 366 vero
182 311 293 366 aliorum
305 311 410 366 libertas
421 331 469 367 sua
479 313 592 368 servitus
605 322 680 378 esset,
692 313 792 368 bellum
804 313 912 369 Atheni-

104 386 219 440 ensibus
229 385 359 454 inferunt;
381 387 427 440 sed
437 388 470 441 ad
480 387 651 460 colloquium,
663 389 745 442 veluti
755 388 912 444 dominatio·

107 478 170 516 nem
185 461 323 531 recepturi,
339 463 480 534 progressi,
495 480 541 533 per
554 463 663 517 insidias
679 463 870 533 comprehensi,
882 472 912 518 ut

106 537 180 606 pacis
195 536 317 590 victimae
335 537 512 591 trucidantur:
543 537 667 608 populus,
689 555 769 609 quem
783 538 912 610 emigrare

105 611 253 676 iusserant,
275 611 303 664 in
323 611 417 665 urbem
436 618 581 666 revocatur.
612 613 699 682 Atque
716 612 751 666 ita
765 629 812 682 per
827 612 911 666 multa

107 685 228 739 membra
238 685 330 740 civitas
340 686 474 757 dissipata,
490 687 518 740 in
529 704 615 740 unum
627 693 727 740 tanturn
737 703 831 756 corpus
842 686 910 739 redi-

106 759 194 832 gitur3
226 768 259 824 et,
281 778 314 814 ne
332 778 386 832 qua
405 761 535 815 dissensio
553 778 587 814 ex
609 759 732 814 anteactis
752 769 908 824 nasceretur,

103 851 200 887 omnes
211 833 380 888 iureiurando
388 835 599 908 obstringuntur,
614 833 805 888 discordiarum
815 833 912 888 oblivi-

104 925 187 962 onem
206 906 269 962 lore.
304 911 403 963 Interea
422 909 541 964 Thebani
554 909 738 980 Corinthiique
757 907 854 980 legatos
876 909 910 962 ad

105 982 326 1037 Lacedaemonios
346 983 467 1048 mittunt,
487 983 587 1055 quiex
608 983 742 1038 manubiis
764 983 909 1054 portionem
996 1037 997 1040 ,

104 1057 218 1128 praedae
238 1059 387 1112 communis
404 1057 467 1112 belli
481 1058 644 1130 periculique
653 1065 775 1128 peterent.
804 1057 909 1123 Quibus

104 1133 223 1204 negatis,
240 1149 292 1186 non
308 1133 416 1204 quidem
429 1141 515 1204 aperte
529 1132 628 1186 bellum
642 1133 768 1188 adversus
781 1133 911 1187 Lacedae-

103 1207 210 1260 monios
221 1207 376 1275 decernunt3
398 1207 443 1261 sed
454 1207 536 1262 tacitis
551 1207 646 1260 animis
661 1215 759 1262 tantam
770 1207 836 1261 iram
847 1225 910 1262 cou-

101 1281 218 1353 cipiunt,
231 1289 260 1334 ut
271 1282 378 1336 subesse
387 1281 487 1335 bellum
499 1281 610 1354 intelligi
620 1290 714 1352 posset.

162 1355 231 1409 Cur.
247 1357 295 1409 XI.
307 1356 405 1410 Eodem
411 1355 463 1410 lere
474 1356 693 1428 temporeDariuS,
701 1373 747 1410 rex
757 1356 905 1420 Persarum,

102 1431 228 1494 moritur,
243 1430 386 1485 Artaxerxe
400 1439 424 1484 et
436 1431 505 1504 Cyro
515 1430 577 1484 filiis
589 1430 694 1484 relictis.
725 1431 847 1502 Regnum
856 1428 910 1484 Ar·
924 1431 925 1434 ’

101 1505 223 1568 taxerxi,
246 1505 314 1580 Cyro
323 1506 449 1572 civitates,
464 1523 579 1576 quarum
592 1503 736 1574 praelectus
750 1511 812 1566 erat,
830 1510 907 1556 testa·

102 1587 194 1634 mento
210 1579 315 1647 legavit.
346 1579 396 1634 Sed
407 1580 476 1654 Cyro
492 1579 620 1633 iudicium
631 1578 711 1648 patris
724 1576 819 1630 iniuria
834 1577 909 1631 vide-

100 1655 193 1709 batur.
219 1655 310 1724 ltaque
318 1654 553 1708 occulteadversus
564 1651 667 1706 fratrem
679 1650 778 1706 bellum
788 1652 905 1722 parabat.
991 1665 993 1670 ’

101 1729 181 1795 Quod
195 1745 281 1800 quum
296 1730 445 1783 nuntiatum
460 1726 599 1782 Artaxerxi
613 1734 691 1791 esset,
707 1727 860 1780 arcessitum
873 1727 908 1782 ad

99 1821 132 1857 se
141 1803 259 1868 fratrem,
267 1811 292 1856 et
301 1803 475 1861 innocentiam
486 1801 694 1857 dissimulatione
705 1799 766 1855 belli
777 1802 907 1857 simulan-

100 1886 167 1942 tem,
188 1877 360 1948 compedibus
380 1877 465 1936 aureis
487 1877 588 1946 vinxit,
619 1875 852 1948 interfecissetquo,
877 1877 905 1932 ni

101 1961 187 2006 mater
204 1953 391 2023 prohibuisset.
425 1953 556 2007 Dimissus
571 1951 652 2025 igitur
667 1952 762 2025 CyruS,
781 1953 833 2006 iam
852 1968 905 2006 non
996 1977 997 1982 ¹

98 2027 204 2081 occulte
223 2026 331 2090 bellum,
352 2027 398 2080 sed
411 2027 513 2098 palam3
540 2043 588 2081 nec
601 2043 646 2098 per
656 2024 903 2092 dissimulationem,
996 2043 997 2046 ’

98 2101 151 2155 sod
170 2109 256 2172 aperta
275 2101 435 2172 professione
449 2119 540 2172 parare
553 2101 648 2172 coepit;
674 2099 773 2155 auxilia
785 2099 906 2172 undique

97 2176 240 2229 contrahit.
281 2177 478 2230 Lacedaemonii
502 2193 643 2238 memores,
665 2173 819 2230 Atheniensi
837 2174 907 2230 bello

96 2249 182 2305 enixe
201 2268 229 2303 se
248 2249 305 2304 eius
325 2268 402 2321 opera
422 2250 532 2315 adiutos,
552 2249 624 2304 velut
643 2249 801 2321 ignorantes,
817 2257 905 2305 contra

97 2340 186 2396 quem
195 2324 295 2378 bellum
302 2333 448 2396 pararetur,
460 2325 603 2378 decernunt
612 2322 711 2378 auxilia
722 2323 790 2396 Cyro
801 2325 907 2379 mitten-

13 2463 15 2478 *
98 2399 147 2462 da,
170 2399 217 2452 ubi
237 2417 278 2452 ros
298 2400 354 2454 eius
373 2400 514 2474 exegisset:
545 2405 698 2471 quaerentes
717 2398 789 2469 apud
804 2399 906 2471 Cyrum

98 2472 224 2548 gratiam,
240 2482 264 2527 et
274 2473 346 2545 apud
356 2473 537 2538 Artaxerxem,
552 2473 577 2526 si
586 2473 699 2537 vicisset,
712 2473 804 2528 veniae
819 2480 907 2540 patro-

96 2546 183 2611 cinia,
202 2566 287 2620 quum
307 2549 374 2602 nihil
395 2549 521 2604 adversus
541 2565 602 2601 eum
622 2554 707 2616 aperte
721 2543 905 2598 decrevissent.

95 2621 157 2679 Sed
167 2639 249 2692 quum
260 2623 287 2678 in
297 2623 367 2678 bello
376 2641 432 2678 sors
440 2621 533 2696 proelii
542 2627 686 2691 utrumque
691 2618 795 2671 fratrem
800 2627 907 2691 pugnae
