2022 3010
350 204 420 249 LIB.
440 205 484 250 ΠΙ,
505 205 585 250 cAP.
606 206 633 252 4.
859 199 892 251 37

96 312 148 358 tur:
168 301 258 366 veriti,
285 320 319 357 ne
340 303 390 357 hac
408 303 598 374 perseverantia
619 303 682 358 belli
700 304 810 378 gravius
829 305 891 368 sibi,

95 395 172 450 quam
181 377 329 441 Messeniis
341 385 475 432 nocerent:
486 377 652 450 quippeillis,
660 379 893 450 quantumiuven-

95 454 155 506 tutis
173 450 243 505 bello
258 451 402 516 intercidat,
420 452 563 506 mulierum
577 452 748 508 foecunditate
762 454 890 525 suppleri,

95 527 181 581 sibiet
195 525 258 579 belli
273 525 369 580 damna
384 526 498 591 assidua,
515 534 540 580 et
556 526 756 582 foecunditatem
766 546 890 591 uxorum,

95 600 246 656 absentibus
256 600 330 665 viris,
344 600 445 654 nullam
454 617 524 654 esse:
539 601 627 671 itaque
641 601 731 674 legunt
741 603 849 657 iuvenes
859 620 893 656 ex

95 693 124 730 eo
134 691 228 748 genere
238 673 362 738 militum,
373 676 421 747 qui
431 683 490 746 post
499 675 894 747 iusiuranduminsupplemen-

95 759 151 804 tum
174 757 313 816 venerant,
335 750 434 820 quibus
455 749 575 820 Spartam
594 750 711 803 remissis
729 752 893 819 promiscuos

95 824 214 880 omnium
224 823 382 877 feminarum
392 824 547 878 concubitus
557 824 712 894 permisere:
726 825 893 879 maturiorem

94 899 209 954 futuram
224 899 417 969 conceptionem
432 899 490 963 rati,
508 898 531 951 si
545 915 603 952 eam
618 897 738 972 singulae
747 917 795 970 per
805 900 894 970 plures

94 975 164 1030 viros
177 972 369 1044 experirentur.
399 974 440 1026 Ex
454 973 496 1026 his
507 973 570 1038 nati,
582 973 616 1027 oh
626 981 714 1028 notem
724 974 834 1028 materni
843 991 895 1044 pu·

93 1049 173 1112 doris,
190 1047 342 1102 Partheniae
359 1048 453 1102 vocati.
484 1047 535 1114 Qui
545 1065 631 1120 quum
643 1049 676 1102 ad
686 1067 769 1103 annos
778 1059 824 1103 xxx
834 1066 894 1119 per-

93 1124 235 1186 venissent,
256 1130 328 1176 metu
347 1122 458 1192 inopiae,
476 1121 553 1192 (nulli
567 1123 638 1176 enim
652 1131 724 1194 pater
741 1125 891 1188 exsistebat,

93 1198 170 1256 euius
193 1197 221 1250 in
245 1197 435 1268 patrimonium
453 1197 583 1251 successio
606 1198 777 1271 speraretur,)
799 1198 894 1252 ducem

92 1271 252 1327 Phalantum
268 1281 416 1334 assumunt,
434 1271 520 1325 filium
534 1270 615 1335 Arati,
632 1273 679 1343 qui
693 1281 781 1327 auctor
790 1273 895 1343 Sparta-

92 1347 136 1402 nis
151 1345 244 1409 fuerat,
260 1345 405 1399 iuventutis
419 1346 452 1399 ad
465 1345 642 1418 generandam
657 1348 773 1402 sobolem
784 1347 894 1400 domum

91 1419 274 1476 remittendae:
300 1428 338 1484 ut,
360 1421 437 1475 sicuti
456 1420 559 1474 dudum
574 1429 674 1492 patrem
693 1423 750 1476 eius
771 1420 896 1475 nascendi

91 1505 225 1551 auctorem
240 1495 402 1558 habuissent,
418 1495 456 1549 sic
469 1495 558 1566 ipsum
574 1497 630 1566 spei
644 1513 674 1549 ac
688 1496 823 1568 dignitatis
833 1511 896 1548 snae

91 1571 234 1626 baberent:
260 1571 351 1641 ltaque
375 1587 422 1624 nec
441 1569 560 1624 salutatis
579 1569 721 1634 matribus,
743 1586 758 1622 a
780 1585 896 1640 quarum

92 1645 222 1701 adulterio
239 1643 376 1699 infamiam
391 1644 527 1719 collegisse
541 1643 708 1708 videbantur,
725 1643 757 1697 ad
771 1642 846 1697 sedes
855 1642 897 1697 in-

93 1719 239 1792 quirendas
258 1720 474 1790 proficiscuntur,
496 1719 597 1790 diuque
616 1726 642 1772 et
659 1718 805 1791 pervarias
820 1735 896 1774 casus

92 1795 190 1858 iactati,
204 1794 311 1848 tandem
328 1794 356 1848 in
369 1793 470 1849 ltaliam
483 1793 649 1863 deferuntur,
670 1801 695 1848 et
704 1801 828 1865 occupata
839 1810 897 1848 arce

91 1869 305 1934 Tarentinorum,
326 1870 484 1942 expugnatis
506 1869 637 1923 veteribus
651 1868 752 1934 incolis,
769 1869 844 1923 sedes
858 1869 897 1923 ibi

92 1945 269 1998 constituunt.
299 1942 351 1998 Sed
360 1951 419 2014 post
429 1961 511 1997 annos
521 1943 650 2014 plurimos
661 1943 717 1999 dux
727 1962 818 1999 eorum
829 1945 897 1998 Pha-

91 2019 194 2080 lantus,
208 2035 255 2090 per
269 2017 423 2071 seditionem
438 2019 466 2072 in
481 2017 606 2072 exsilium
619 2019 797 2089 proturbatus,
811 2019 899 2072 Brun-

90 2093 196 2148 disium
214 2109 243 2146 se
261 2090 380 2157 contulit,
400 2109 454 2164 quo
476 2093 580 2163 expulsi
595 2093 703 2147 sedibus
723 2093 780 2146 suis
799 2099 898 2146 veteres

90 2166 230 2222 Tarentini
240 2173 428 2221 concesserant.
457 2167 504 2220 His
513 2167 628 2221 moriens
640 2165 787 2238 persuadet,
800 2175 830 2220 ut
840 2184 899 2221 osso

89 2261 144 2297 sua
160 2251 356 2311 postremosque
373 2245 501 2310 reliquias
516 2251 658 2306 conterant,
674 2251 699 2296 et
718 2245 795 2296 tacite
808 2247 899 2311 eparpi

89 2322 122 2371 in
137 2323 197 2387 {oro
215 2317 414 2370 Tarentinorum
432 2324 528 2370 curent.
560 2317 616 2370 Hoc
631 2321 698 2370 enim
708 2320 782 2370 modo
792 2333 899 2385 recupe-

88 2409 158 2446 rare
171 2393 232 2445 illos
243 2395 360 2458 patriam
373 2407 448 2444 suum
459 2407 542 2457 posse,
557 2392 702 2458 Apollinem
716 2393 822 2460 Delphis
832 2396 899 2445 ceci-

89 2471 172 2520 nisse.
203 2464 245 2518 Illi
260 2465 413 2538 arbitrantes
427 2481 489 2517 eum
500 2463 527 2517 in
539 2463 665 2518 ultionem
675 2466 726 2530 sui,
739 2465 838 2519 civium
848 2463 899 2516 fata

89 2538 255 2612 prodidisse,
266 2539 410 2609 praeceptis
418 2555 541 2608 paruere:
563 2538 611 2593 sed
619 2539 718 2592 oraculi
731 2539 900 2614 diversasen·

90 2612 178 2668 tentia
192 2612 286 2667 fuerat.
316 2613 516 2683 Perpetuitatem
530 2612 601 2666 enirn
617 2612 701 2674 urbis,
718 2626 771 2662 non
782 2617 902 2682 amissio-

90 2705 174 2753 nem,
190 2687 240 2742 hoo
253 2687 319 2744 facto
332 2687 496 2758 promiserat.
527 2687 565 2740 lta
578 2686 653 2740 ducis
667 2679 768 2736 exsulis
782 2671 900 2731 oonsilio,
