1984 3010
120 207 153 260 98
356 213 507 260 IUSTINI
525 213 681 260 HISTOR.

119 330 326 381 communemque
336 319 448 367 omnium
458 331 547 382 rapum
557 331 610 368 cese
621 331 736 379 causum,
752 331 833 383 quom
843 318 924 384 nenti-

116 406 177 458 pcro
187 387 229 441 illi
239 397 264 441 et
272 391 423 441 indecorum
433 398 457 444 ot
463 393 640 456 periculosum
653 407 720 443 esse:
741 393 838 458 quippe
846 407 922 459 quom

116 467 145 518 in
160 466 243 516 altero
258 466 374 516 iustitiae
387 468 455 527 cius,
471 469 500 518 iu
514 467 598 519 altero
612 469 690 519 etiam
702 467 830 518 utilitatis
845 482 922 518 causo
972 497 973 508 κ

116 546 242 592 versatur.
265 537 299 590 In
309 544 567 606 quomrcmunicum
574 544 671 608 pinnas
679 542 740 608 fidei
748 543 847 608 rapine,
858 543 923 592 des-

117 621 201 668 ieram
213 629 241 666 eo
254 617 387 682 serendam
397 615 549 668 Alcoeandro
563 619 634 668 darc.
665 615 725 667 Post
734 614 798 667 haec
808 621 922 684 por-recta

116 704 201 742 manu
219 687 373 758 exspiravit.
402 687 475 754 Quae
489 688 536 742 ubi
551 686 701 742 Alexandro
716 688 836 743 nuntiata
851 697 919 751 sunt¹
973 693 974 696 ’

116 762 176 818 viso
186 780 293 835 corpore
302 762 427 828 defuncti,
434 762 633 836 tamindignam
644 763 689 816 illo
698 761 804 835 fastigio
814 772 921 818 mortem

117 837 235 893 lacrimis
249 847 402 909 prosecutus
417 845 469 903 est,
491 855 640 909 corpusque
654 839 726 910 regio
736 855 810 892 more
820 838 922 910 sepeliri
974 874 975 910 t

116 921 143 968 et
152 914 279 986 reliquias
290 913 347 967 eius
357 913 488 968 maiorum
498 913 609 968 tumulis
620 911 709 967 inferri
720 913 806 968 iussit.

409 1093 640 1128 -eodooe—

353 1379 552 1437 LIBER
597 1380 690 1436 XII.

417 1541 628 1562 π

116 1650 163 1687 An
171 1650 195 1687 G.
215 1652 263 1700 Cep.
277 1657 295 1688 1.
308 1649 399 1690 Absente
408 1649 527 1688 Alexandro
536 1647 621 1688 Graecia
634 1647 727 1686 rebellet.
744 1652 763 1685 2.
778 1648 842 1698 Regin
850 1649 924 1698 Epiro·

162 1721 195 1751 tne
206 1715 320 1752 Alexandri
331 1713 353 1750 in
364 1713 444 1750 ltaliam
456 1713 567 1762 expeditio.
584 1711 678 1762 Scythae.
699 1717 718 1751 ³·
732 1711 848 1750 Alexandri
859 1711 925 1761 magni

163 1777 253 1814 luxuria.
269 1781 289 1813 4.
300 1777 434 1816 Macedonum
443 1777 551 1813 tumultun.
568 1779 587 1813 ⁵.
597 1776 716 1814 Alexander
724 1789 776 1827 qune
784 1788 846 1825 porro
857 1776 924 1826 egerit.

163 1843 181 1877 6.
196 1839 246 1878 Cliti
264 1853 312 1876 nex.
340 1845 358 1876 7.
375 1840 494 1878 Alexander
505 1837 582 1876 Bacchi
594 1840 681 1889 vestigio
692 1840 791 1889 nequitur·
817 1842 837 1878 8.
851 1840 924 1877 Porum

165 1908 253 1950 superat.
284 1907 303 1940 9.
320 1903 388 1940 10.1n
407 1903 559 1950 Sugambrorum
578 1903 654 1952 oppido
672 1907 727 1942 vitoe
742 1903 858 1952 periculum
875 1902 923 1940 edit.

163 1970 193 2002 11.
207 1965 258 2002 Eius
276 1964 423 2005 munificentie.
454 1969 484 2002 12.
505 1965 639 2016 Hephaestio.
671 1971 701 2004 13.
719 1970 750 2006 14.
768 1969 798 2004 1⁵.
809 1965 925 2004 Alexandri

163 2039 226 2074 more,
242 2030 273 2065 1⁶.
287 2035 308 2066 et
317 2028 411 2077 elogium.

173 2102 250 2168 Cla.
271 2114 293 2166 1.
314 2111 463 2168 Alexander
477 2112 505 2167 in
525 2113 707 2185 persequendo
722 2113 800 2168 Dario
810 2114 927 2168 amissos

117 2188 216 2243 milites
229 2188 335 2262 magnis
349 2186 473 2243 funerum
488 2188 616 2259 impensis
629 2188 736 2255 extulit3
758 2187 869 2260 reliquis
879 2205 928 2242 ex-

117 2263 258 2334 peditionis
272 2265 330 2319 eius
348 2264 425 2318 sociis
444 2263 567 2317 tredecim
582 2263 665 2318 millia
681 2263 807 2318 talentum
822 2263 927 2317 divisit.

117 2337 256 2406 Equorum
264 2340 348 2392 maior
355 2357 416 2409 pars
425 2346 497 2393 aestu
503 2338 928 2410 amissa,inutilesqueetiam,qui

117 2409 316 2478 superfuerant,
333 2411 403 2465 iacti.
424 2413 537 2466 Pecunia
550 2413 647 2476 omnis,
665 2421 771 2466 centum
781 2412 929 2487 nonaginta

117 2481 345 2547 milliatalentum,
354 2485 483 2540 Ecbatana
492 2495 614 2559 congesta
622 2488 699 2560 eique
705 2488 842 2542 Parmenio
850 2504 932 2558 prae-

117 2555 229 2621 positus.
245 2556 314 2609 Dum
326 2557 524 2630 haec'aguntur‚
536 2562 659 2631 epistolae
669 2561 800 2632 Antipatri
806 2561 932 2616 Macedo-

117 2626 162 2678 nia
172 2629 195 2680 ei
206 2628 362 2694 redduntur,
375 2631 475 2701 quibus
486 2634 586 2688 bellum
596 2635 699 2708 Agidis,
709 2636 934 2708 regisSpartano-

117 2700 351 2770 rum‚inGraocia;
363 2704 464 2758 bellum
474 2706 793 2784 Alexandri‚regisEpiri,
802 2708 934 2828 ἰηίκωὶἰα,

800 2970 853 2995 lh.
875 2990 885 2993 -
904 2988 947 2993 ,--,
