2044 3028
145 184 193 236 ⁴90
377 187 528 232 IUSTINI
545 185 700 232 HISTOR.

112 284 115 292 ’
143 289 201 360 cipe
215 304 262 358 per
276 286 445 359 tyrannidem
458 294 613 358 occupatur:
635 299 813 359 equaquam
825 286 902 341 multi
912 305 943 343 ex
991 329 992 334 η

141 361 304 435 primoribus
314 361 401 425 occisi,
413 360 502 432 plures
512 363 540 416 in
550 361 734 422 exsiliumacti
744 367 839 426 essent,
849 361 945 416 Aetolis
991 367 992 432 l

142 436 300 509 perlegales
315 435 518 506 postulantibus,
535 441 655 506 eontanas
669 439 811 505 liberosque
825 440 944 491 casatam
991 437 992 504 l

142 515 268 575 redderet,
283 510 370 581 primo
380 512 499 584 negavit3
520 518 617 582 postea,
632 511 711 582 quasi
724 509 875 582 poeniteret,
886 528 947 581 pro-

144 585 277 640 ficiscendi
291 585 325 640 ad
339 603 401 640 suos
414 586 539 640 omnibus
554 586 680 640 matronis
691 591 844 656 potestatem
860 585 942 651 dedit;
991 583 992 642 l

143 659 268 732 diemque
279 659 444 731 profectionis
454 661 551 715 statuit.
579 659 649 724 illae,
662 660 739 731 quasi
750 660 778 714 in
788 667 944 730 perpetuum
991 657 992 686 ³

144 753 206 790 cum
222 736 285 790 viris
298 735 472 799 exsulatum,
489 735 676 806 pretiosissima
691 751 813 806 quaeque
826 733 945 788 ualeren-
991 743 992 798 y

144 809 945 881 tea,quumadportamquasiunoagmineprolecturaecon-

135 886 291 948 uenissent,
307 885 433 939 omnibus
447 885 526 938 rebus
544 883 702 954 exspoliatae
716 885 744 938 in
758 899 888 938 carcerem
904 901 945 938 re-
991 887 992 940 J

145 959 297 1022 cluduntur,
314 959 405 1012 occisis
420 959 495 1029 prius
510 959 537 1012 in
547 958 771 1030 gremicmatrum
782 958 904 1028 parvulis
914 957 945 1011 li-

144 1035 225 1097 beris,⁴
237 1033 441 1105 virginibusque
451 1033 484 1087 ad
494 1041 616 1103 stuprum
627 1032 743 1104 direptis
772 1032 878 1088 Adtam
890 1051 947 1087 sae-
991 1071 992 1092 2

146 1127 207 1162 vam
221 1107 425 1162 dominationem
440 1108 606 1179 stupentibus
621 1107 754 1172 omnibus,
770 1107 947 1178 princepseo-
991 1153 992 1174 y

106 1251 108 1254 Ι
145 1201 205 1236 rum
217 1181 375 1246 Hellanicus,
388 1181 704 1246 senexetliberisorbus,
719 1181 809 1253 utqui
822 1190 948 1236 necaeta-

145 1257 178 1310 tis
190 1273 237 1310 nec
249 1257 367 1329 pignoris
378 1265 495 1328 respectu
510 1256 618 1320 timeret,
633 1264 776 1312 contractos
789 1256 901 1310 domum
917 1257 948 1310 li·
991 1301 992 1320 y

120 1350 122 1353 ·
145 1330 269 1384 dissimcs
279 1331 424 1386 amicorum
436 1331 611 1386 invindictam
621 1332 719 1402 patriae
728 1332 856 1385 hortatur.
875 1331 949 1386 Cun-
991 1355 992 1394 3

145 1405 276 1460 stantibus
288 1407 390 1476 privato
399 1405 515 1478 periculo
524 1405 663 1477 publicum
676 1406 761 1470 linire,
770 1404 949 1460 etdeliberan-
991 1415 992 1438 ³

146 1480 173 1535 di
184 1480 298 1552 spatium
309 1481 512 1552 postulantibus,
526 1481 655 1535 arcessitis
668 1481 751 1536 seriis
761 1480 833 1534 iubet
842 1480 949 1534 obsera-

145 1556 169 1610 ri
183 1555 259 1621 lorea
276 1564 441 1629 tyrannoque
456 1556 582 1620 nuntiari,
603 1560 715 1611 mitteret
730 1559 776 1624 qai
798 1560 949 1608 coniuratos

145 1637 216 1700 apud
226 1651 253 1686 se
266 1635 499 1699 comprehenderem
518 1631 650 1686 obiectans
659 1628 782 1702 singulis,
794 1647 829 1691 se,
841 1634 906 1697 quta
917 1633 948 1682 li-

146 1709 275 1760 berandae
282 1711 387 1774 patriae
396 1715 489 1760 auctor
498 1723 551 1760 essa
562 1723 614 1760 non
620 1710 710 1774 possit,
717 1709 832 1758 desertae
838 1705 948 1757 ultorum

145 1787 272 1850 satarum.
303 1781 378 1834 Tunc
391 1779 429 1833 illi
440 1780 546 1851 ancipiti
557 1779 672 1850 periculo
684 1777 857 1833 circumventi
867 1777 949 1832 bone·

147 1855 252 1909 stiorem
262 1854 333 1908 viam
344 1854 469 1926 eligentes
479 1855 616 1908 coniurant
626 1854 653 1908 in
664 1852 770 1926 tyranni
781 1869 886 1906 necem:
912 1861 946 1906 at-

146 1947 198 2000 que
209 1929 243 1982 ita
253 1928 421 1983 Aristctimns
431 1929 525 2001 quinto
538 1938 678 2001 postquam
694 1926 861 2001 tyrannidem
871 1943 948 1981 occu-

46 2054 48 2058 .
145 2011 251 2077 paverat
262 2021 351 2056 mense
365 2004 533 2076 opprimitur.

123 2133 125 2140 ,
201 2078 269 2134 Car.
283 2079 316 2133 Il.
332 2079 430 2134 Interea
442 2079 589 2151 Antigonus
599 2095 684 2150 quum
694 2075 835 2147 multiplici
845 2074 918 2130 bello
927 2081 950 2126 et

145 2153 285 2209 Ptolemaei
300 2154 369 2226 regis
379 2162 404 2208 et
413 2153 600 2224 Spartanorum
611 2158 784 2224 premeretur3
807 2167 951 2221 novusque

145 2228 185 2283 illi
196 2228 475 2302 bostisGallograeciae
483 2227 612 2282 exercitus
623 2225 787 2282 adduxisset:
799 2225 951 2296 inspeciem

145 2311 289 2358 castrorum
300 2321 380 2374 parva
392 2321 473 2372 mann
483 2302 610 2357 adversus
619 2309 714 2356 ceteros
724 2300 810 2354 relicta
819 2299 952 2354 adversus

146 2375 235 2428 Gallos
246 2378 305 2429 totis
316 2379 418 2432 viribus
430 2377 612 2448 proficiscitur.
635 2376 738 2443 Quibus
748 2373 949 2448 cognitisGalli‚
991 2397 992 2480 y

145 2465 230 2516 quum
250 2456 275 2502 et
293 2451 343 2519 ipsi
361 2469 390 2505 se
408 2451 506 2522 proelio
525 2459 654 2522 pararent,
672 2450 699 2505 in
715 2449 831 2520 auspicia
842 2465 954 2522 pugnae

145 2521 244 2574 hostias
254 2523 378 2578 caedunt:
400 2543 515 2596 quarum
524 2526 591 2579 extis
602 2543 687 2597 quum
698 2519 793 2597 magna
804 2523 901 2578 caedes
914 2524 954 2576 in-

145 2595 290 2671 tentusque
302 2598 422 2650 omnium
437 2599 637 2668 praediceretur,
653 2617 705 2653 non
720 2599 895 2662 intimarem,
909 2595 954 2652 sed

145 2677 175 2710 m
188 2661 304 2719 lusorem
323 2670 401 2734 versi,
417 2682 606 2746 sperantesque
620 2674 729 2728 deorum
744 2674 831 2728 minas
846 2670 954 2746 expiari
991 2731 992 2754 Χ
