1984 3010
324 175 395 220 LIB.
415 177 462 222 XI.
493 175 574 221 CAP.
596 177 637 221 1⁵.
850 169 884 222 97

83 273 189 325 dicaret.
220 273 283 328 Data
298 281 422 345 potestate
434 275 561 330 redeundi
571 293 647 348 agros
658 275 772 346 accipere
782 273 884 329 malue-
970 303 971 306 =

85 352 150 410 runt,
167 363 200 400 ne
215 365 268 402 non
281 357 335 403 tam
347 350 477 422 gaudium
491 351 645 422 parentibus
659 368 742 422 quam
752 350 884 404 detestan-
970 365 971 368 ’

83 417 143 473 dum
153 421 194 476 sui
204 431 372 494 conspectum
383 432 549 496 reportarent.

133 495 201 550 Cer.
222 498 282 554 XV.
303 500 402 553 Interea
416 500 510 554 Darius
524 500 553 554 in
566 501 678 573 gratiam
692 499 799 555 victoris
814 516 883 554 aeo-

82 570 165 641 gnatis
178 571 236 626 suis
249 574 336 628 aureis
350 575 523 646 oompedibus
538 576 689 646 catenisque
703 575 731 628 in
746 575 804 629 vice
819 576 883 629 Par-

84 644 183 699 thorum
202 647 288 702 Tbara
307 648 434 704 vincitur:
464 649 545 703 credo
558 649 594 702 ita
614 649 666 702 diis
689 649 882 704 immortalibus

84 716 266 792 iudicantibus,
283 722 351 777 utin
361 731 428 778 terra
438 741 540 788 eorum,
556 724 604 794 qui
615 723 762 778 suceessuri
772 723 883 793 imperio

82 803 158 860 erant,
174 797 314 851 Persarum
330 815 443 870 regnum
459 798 587 852 finiretur.
618 797 766 852 Alexander
776 814 884 868 quoque

82 868 582 944 eitatooursuposteradiesupervenit;
600 872 692 945 ibique
701 872 823 944 cognovit
833 873 884 925 Da-

82 942 147 998 rium
167 945 257 1000 clauso
278 947 400 1002 vehiculo
417 965 465 1019 per
483 956 582 1002 noctem
602 955 777 1019 exportatum.
808 949 883 1000 lusso

81 1017 165 1091 itaque
174 1021 291 1076 exercitu
302 1021 441 1094 subsequi,
449 1039 510 1076 eum
521 1041 568 1077 sex
578 1023 699 1077 millibus
709 1022 829 1093 equitum
841 1020 853 1074 l
870 1053 884 1060 -
970 1055 971 1064 .

81 1093 190 1164 gientem
201 1097 364 1168 insequitur:
386 1097 414 1152 in
425 1097 516 1152 itinere
526 1097 608 1152 multa
619 1105 644 1150 et
653 1097 797 1169 periculosa
807 1114 884 1167 proe-

81 1166 113 1222 lia
123 1167 191 1225 lauit.
220 1173 354 1226 Emensus
367 1171 462 1226 deinde
472 1171 554 1226 multa
564 1172 647 1226 millia
657 1190 785 1243 passuum
796 1189 882 1244 quum

80 1243 182 1298 nullum
197 1247 270 1300 Darii
283 1246 411 1300 indicium
423 1247 568 1318 reperisset,
580 1247 726 1318 respirandi
737 1247 813 1318 equis
824 1247 884 1300 data
970 1275 971 1278 ¹

80 1327 200 1388 potestate
215 1331 287 1374 unus
302 1339 334 1374 ox
345 1321 485 1387 militibus,
502 1322 567 1376 dum
578 1321 612 1376 ad
621 1321 719 1375 fontem
729 1322 885 1393 proximum

79 1395 173 1522 perqit,
192 1395 222 1449 in
237 1394 360 1450 vehiculo
373 1397 482 1451 Darium
497 1397 588 1451 multis
603 1396 712 1468 quidem
727 1395 884 1450 vulneribus

78 1484 124 1523 oon
135 1487 239 1534 ossum,
252 1471 298 1524 sed
308 1471 450 1542 spirantem
464 1471 551 1526 adhuc
560 1471 675 1525 invenit:
692 1471 749 1541 qui,
762 1470 885 1541 applicito

80 1545 192 1615 captivo,
215 1563 301 1616 quum
319 1546 404 1600 civem
425 1563 458 1600 ex
477 1563 540 1600 voce
559 1544 737 1616 cognovisset,
754 1548 781 1597 io
794 1543 886 1597 'saltem

78 1625 222 1687 praeseutia
235 1627 356 1690 fortunae
369 1625 492 1676 solatium
505 1623 599 1674 habere
608 1635 635 1672 se
644 1617 721 1682 dixit,
737 1623 805 1687 quod
815 1623 886 1686 opud

80 1697 269 1750 intellecturum
289 1699 423 1750 locuturus
440 1704 516 1758 esset,
537 1713 583 1748 uee
599 1698 729 1747 incussum
742 1702 886 1762 postremus
970 1765 971 1768 Ἴ

79 1786 149 1825 voees
159 1775 322 1824 amissurus:
333 1769 443 1825 Perlerri
453 1771 518 1824 haec
527 1767 677 1823 Alexandro
686 1768 773 1823 iubet:
788 1787 815 1822 se
824 1771 886 1822 uul-

80 1846 110 1898 lia
120 1851 148 1899 iu
163 1862 222 1898 eum
234 1850 386 1899 meritorum
397 1849 498 1915 officiis,
508 1850 685 1900 momimerum
695 1848 736 1898 illi
745 1847 885 1899 debitorem

79 1925 152 1984 mori,
163 1924 234 1989 quod
243 1923 271 1974 iu
282 1929 365 1974 matre
376 1923 514 1989 liberisque
523 1925 579 1974 auia
589 1925 688 1988 reqium
698 1925 761 1984 eiua,
777 1937 829 1974 arou
838 1924 886 1973 lao—

78 1997 162 2048 au'lem
181 1998 298 2049 animum
311 2005 442 2062 autpertus,
453 1998 555 2064 felicius
569 1999 664 2049 bostem
675 2013 753 2064 quam
764 2003 886 2062 aequatos

77 2074 287 2138 propinquosque
299 2075 407 2124 sortitus
422 2075 470 2124 sit:
490 2076 584 2139 quippe
598 2075 679 2124 metri
694 2079 718 2122 et
733 2073 821 2122 liberte
831 2073 886 2122 sau

80 2145 110 2196 ab
130 2148 218 2197 eodem
232 2147 302 2197 hoste
315 2149 396 2198 uitam
410 2149 511 2208 dutum,
527 2149 578 2200 sibi
595 2163 613 2198 α
631 2148 748 2212 coquetis
762 2151 885 2210 ereptum,

78 2222 171 2286 quibua
181 2227 207 2272 et
219 2223 300 2272 uitam
314 2228 338 2272 et
351 2236 433 2287 reque
447 2223 556 2274 dederit.
589 2219 760 2284 Quamobrem
772 2222 887 2286 pretium

79 2295 133 2346 illis
152 2311 210 2346 eam
222 2298 352 2361 futuram,
369 2311 447 2362 quum
461 2299 515 2360 ipae
528 2299 613 2349 uictor
627 2297 703 2348 uolet.
734 2294 887 2348 Aleuoudro

80 2373 177 2437 referre
186 2385 222 2432 se,
235 2371 405 2436 quamtulam
415 2373 527 2422 moriens
534 2377 626 2436 potest,
638 2373 767 2437 qratiam:
779 2371 887 2438 precari

79 2445 202 2509 superum
216 2445 377 2512 inferumque
391 2448 499 2497 numina
508 2452 533 2496 et
541 2447 641 2512 requies
650 2448 718 2505 deor,
732 2448 772 2496 uti
781 2447 823 2496 tlu
834 2451 888 2492 ter-

82 2531 173 2570 rarum
188 2521 302 2570 omnium
315 2523 411 2572 uictori
427 2522 560 2586 coutiuqut
572 2522 719 2584 imperium.
749 2517 800 2566 Pro
809 2529 836 2562 se
845 2515 892 2562 iu-.

79 2598 149 2643 atum
171 2595 256 2659 muqa'e
280 2609 358 2659 quum
382 2609 488 2660 proaem
509 2594 659 2658 sepulturae
679 2591 781 2640 veniam
800 2593 887 2631 orare.

82 2663 158 2730 Quod
168 2669 204 2721 ud
214 2669 339 2720 ultionem
344 2670 485 2733 pertineat,
502 2669 556 2718 ium
566 2681 618 2716 nou
628 2676 711 2718 suom,
723 2658 767 2706 sed
776 2649 891 2710 exempli

118 2755 238 2812 lusurus.
699 2741 724 2791 G
