2044 3028
317 175 389 220 LIB.
408 177 502 222 XXIX.
534 177 613 222 ΟΑΡ,
635 177 661 222 1.
840 173 888 224 199
946 206 948 214 »

82 277 155 344 bant,
171 273 283 330 vulnera
298 275 433 340 curabant,
449 275 531 330 lassos
544 275 701 330 reficiebant.
737 277 806 330 Inter
824 273 889 330 haec

82 350 175 406 nullus
195 349 223 404 iu
241 347 308 404 urbe
327 351 460 420 strepitus,
481 349 554 404 nullu
573 351 722 421 trepideti03
748 351 888 424 magisque

81 442 175 480 omnes
194 423 329 495 publicam
351 441 433 498 quam
451 425 579 496 privatam
603 425 735 479 forninam
750 423 886 498 lugebant.

82 502 154 555 Inter
171 499 237 554 haec
252 497 404 554 Cleomenes
424 515 470 553 rex
484 507 542 570 post
556 499 652 554 multus
665 499 782 553 hostium
796 499 887 554 caedes

82 582 134 629 toto
148 589 256 646 corpore
268 589 317 628 suo
330 573 427 644 pariter
440 582 465 627 et
478 573 594 628 hostium
611 591 702 628 cruore
716 573 825 628 medens
840 592 887 629 su-

81 648 215 722 pervenit3
237 647 428 720 ingressusque
437 646 530 702 urbem
542 665 595 702 non
608 648 685 703 humi
696 647 820 712 consedit,
833 667 884 703 non

81 724 173 778 cibum
184 729 230 778 eut
238 730 330 794 potum
343 722 467 794 poposcit,
480 739 532 777 nou
547 721 661 794 denique
674 739 807 778 armorum
818 740 886 777 onus

81 797 218 870 deposuit:
239 795 286 851 sed
295 797 402 870 acclinis
411 797 513 868 parieti,
525 813 611 868 quum
625 804 738 868 quatuor
748 796 832 850 millia
842 813 884 850 so-

82 871 107 928 le
116 889 151 927 ex
161 889 253 944 pugna
263 870 424 942 superfuisse
433 872 619 944 conspexisset,
631 871 757 934 hortetur,
774 880 803 925 ut
812 888 840 926 se
850 875 886 926 ad

82 951 193 1002 meliora
211 949 370 1014 reipublicae
389 955 504 1015 tempore
526 955 697 1000 reservarent.
735 945 803 1000 Tum
823 962 885 1000 cum

81 1023 194 1095 coniuge
209 1028 233 1074 et
246 1020 336 1074 liberis
346 1019 497 1094 Aegyptum
507 1019 541 1074 ed
550 1019 726 1074 Ptolemaeum
741 1019 886 1091 proficisci·

82 1103 140 1151 tur:
161 1112 241 1167 aquo
251 1093 394 1149 honorifice
406 1101 544 1166 susceptus
562 1093 609 1148 diu
623 1095 651 1149 in
671 1111 775 1148 summe
790 1093 885 1170 digne·

80 1171 151 1225 tiene
171 1169 240 1244 regis
255 1169 331 1224 vixit.
364 1170 497 1224 Postremo
515 1177 573 1240 post
585 1168 724 1224 Ptolemaei
746 1178 885 1224 mortema

81 1244 136 1300 lilio
150 1244 208 1299 eius
222 1243 365 1298 cumomni
375 1241 474 1298 familia
484 1243 647 1299 interficitur.
677 1243 826 1317 Antigonus
836 1262 884 1299 au-

80 1329 143 1384 tem,
160 1318 242 1373 caesis
256 1317 390 1372 occidione
403 1317 546 1389 Spartanis,
563 1317 695 1374 fortunam
709 1326 794 1373 tantae
808 1319 884 1373 urbis

9 1433 10 1440 ,
80 1395 229 1456 miseratus,
252 1411 267 1448 a
286 1392 431 1465 direptione
444 1391 540 1447 milites
554 1393 703 1464 prohibuit;
725 1394 883 1464 veniamque

79 1470 132 1534 his,
150 1469 198 1540 qui
214 1467 405 1538 superfuerant,
427 1467 507 1532 dedit,
523 1466 663 1539 praelatus,
680 1471 773 1522 bellum
785 1485 812 1522 se
826 1486 883 1521 curn

81 1543 221 1605 (tremene,
233 1559 285 1596 non
297 1559 354 1597 eum
364 1541 505 1611 Spartanis
514 1545 640 1606 habuisse,
648 1546 722 1596 cuius
730 1547 883 1612 fuqaomru's

80 1624 123 1674 ira
138 1623 194 1672 eius
207 1621 283 1687 flattu
296 1622 344 1686 sit;
364 1635 410 1672 nee
419 1621 516 1672 minori
527 1620 578 1672 sibi
589 1619 689 1686 ateriae
698 1621 761 1685 sore,
774 1620 799 1669 si
807 1619 841 1669 ab
854 1633 882 1668 eo

76 1701 184 1747 seruata
203 1691 389 1755 Lacedaemon,
410 1710 427 1747 a
443 1709 494 1762 quo
510 1694 565 1746 solo
579 1695 706 1759 captastt,
715 1695 880 1758 proderetur.

77 1768 190 1822 Parcere
202 1771 285 1836 iyttur
298 1783 325 1820 se
339 1769 393 1820 solo
406 1770 522 1821 urbisne
536 1769 616 1826 tectis,
628 1767 880 1834 quarantaniam,

77 1845 172 1911 quitus
178 1849 308 1909 parceret,
320 1857 372 1894 reon
380 1846 574 1910 superfuissent.
602 1841 656 1894 Nec
665 1837 748 1894 multo
759 1847 816 1910 post
826 1839 882 1911 ipse

76 1915 192 1984 decedit3
215 1931 381 1988 regnumque
398 1915 519 1988 Philippo
532 1913 642 1988 pupillo,
660 1931 742 1968 annos
755 1922 882 1985 quatuor-

76 1991 163 2046 docim
174 1998 243 2056 noto,
256 1989 371 2044 tradidit.

377 2091 577 2117 -ψ-

281 2238 479 2296 LIBER
525 2239 672 2294 XXIX.
769 2320 772 2326 1

75 2446 120 2485 An
128 2449 152 2485 G.
165 2448 238 2496 cipi.
249 2447 363 2495 Regnorum
374 2444 580 2496 inEuropuAsinque
588 2444 748 2484 vicissitudines.
761 2442 880 2482 2-4.1²ni-

246 2505 300 2559 lippi
309 2508 426 2547 Macedonis
437 2515 505 2546 contr·
514 2509 615 2546 Romanos
624 2508 708 2547 bellum.

130 2583 207 2648 Cur.
228 2593 251 2646 1.
272 2591 369 2647 lisdem
389 2590 471 2646 ferme
490 2590 652 2662 temporibus
672 2605 752 2663 prope
762 2586 878 2641 universi

72 2667 146 2724 orbis
166 2667 278 2739 imperia
303 2684 371 2723 nove
392 2683 486 2740 regum
506 2665 669 2720 successione
687 2669 785 2719 mutata
806 2665 877 2714 sunt.
