2044 3028
150 177 199 230 l96
382 170 705 226 IUSTINIHISTOR.

149 298 234 354 quum
253 278 361 334 tutelam
381 279 497 334 filioram
516 295 550 334 ex
562 295 593 334 ea
607 285 799 350 susceptorum,
816 278 916 351 Pyrrhi
931 289 956 332 et

148 354 296 419 Ptolemaei,
313 355 440 428 regnique
454 354 707 408 administrationem
720 354 748 408 in
763 369 791 407 se
804 353 955 424 recepisset,
1000 347 1001 402 l

148 427 244 484 Aetolis
254 436 354 499 partem
364 429 534 494 Acarnaniae,
546 445 627 500 quam
638 428 665 482 in
677 428 822 498 partionem
833 426 898 482 belli
909 445 958 499 pe-

149 513 186 558 ter
200 503 363 575 pupillorum
379 511 518 575 acceperat,
534 503 633 574 eripere
647 502 796 557 volentibus
815 501 850 556 ad
864 519 956 575 regem
1000 551 1001 572 ,

148 577 313 634 blaccdcniae
323 579 483 633 Demetrium
490 578 622 645 'decurrit;
636 577 714 649 eique
723 577 831 631 habenti
843 594 956 632 uxorem
1000 575 1001 646 j

150 653 281 718 Antiochi,
294 655 364 727 regis
374 653 474 726 Syriae,
486 669 601 707 sororem
615 651 697 706 filiam
712 669 788 706 suam
805 651 910 706 Pthiam
926 653 956 706 in
1000 663 1001 678 ²

149 728 349 783 matrimonium
364 727 453 782 tradit:
480 735 510 782 ut
523 726 667 793 auxilium,
685 726 758 798 quod
773 726 956 782 misericordia
1000 749 1001 790 3

150 821 203 858 non
219 811 330 874 poterat,
353 803 410 858 iure
428 802 590 875 cognationis
604 801 740 856 obtineret.
770 801 853 856 Fiunt
870 801 955 874 igitur

150 878 266 949 nuptiae,
287 878 386 949 quibus
400 885 424 932 et
439 876 676 931 novimatrimcnii
690 876 773 949 gratia
790 876 952 947 adquiritur,

150 961 175 1006 et
189 953 283 1007 veteris
298 952 394 1008 oflensa
414 949 584 1007 contrahitur.
615 952 683 1005 Nam
698 951 769 1022 prinr
787 968 864 1014 uxor,
879 950 956 1005 velut

150 1026 317 1084 matrimonia
334 1025 421 1098 pulsa,
446 1033 538 1099 sponte
555 1043 603 1080 sua
621 1025 655 1080 ad
673 1024 778 1080 lratrem
792 1025 955 1080 Antiochum

150 1101 267 1166 discedit,
283 1117 398 1172 eumque
408 1102 434 1154 in
446 1099 533 1155 mariti
546 1099 646 1155 bellum
656 1099 774 1172 impellit.
802 1100 955 1156 Acarnanes
1000 1099 1001 1106 ’

149 1191 257 1246 quoque
270 1174 352 1229 diffisi
365 1175 481 1246 Epirotis
495 1175 621 1232 adversus
636 1175 737 1229 Aetolos
755 1174 888 1229 auxilium
902 1175 955 1230 Ro-

149 1266 289 1304 manorum
307 1249 486 1321 implorantes,
502 1250 672 1305 obtinuerunt
688 1268 702 1304 a
718 1251 836 1304 Romano
848 1258 952 1314 senatu,
1000 1303 1001 1312 ,

149 1331 179 1378 at
189 1323 266 1396 legati
281 1325 452 1390 mitterentur,
467 1325 514 1397 qui
524 1324 708 1379 denuntiarent
717 1323 828 1379 Aetolis:
848 1332 954 1394 praesi-

149 1403 195 1454 dia
207 1403 240 1454 ab
255 1403 363 1455 urbibus
375 1401 542 1456 Acarnaniae
559 1404 727 1468 deducerent;
749 1408 955 1470 pateremurque
1000 1417 1001 1420 ¹

150 1491 203 1529 esse
214 1477 315 1539 liberos,
328 1480 374 1544 qui
383 1479 433 1529 soli
442 1479 572 1544 quondam
580 1479 705 1529 adamans
714 1475 848 1538 Traianos,
860 1483 954 1530 aucto-

149 1567 192 1604 res
202 1555 313 1620 aripinis
322 1567 393 1613 scae,
409 1553 514 1604 auaritia
527 1548 635 1604 Gratas
644 1567 695 1604 non
709 1553 838 1604 miserint.
1000 1593 1001 1596 ,

206 1623 272 1678 Car.
293 1625 323 1679 ΙΙ.
344 1623 396 1679 Sed
407 1622 489 1679 Aetoli
500 1623 654 1696 legationem
669 1625 849 1678 Romanorum
859 1641 954 1696 super·
1000 1667 1001 1700 ,

149 1699 183 1753 he
198 1697 331 1762 audivere,
353 1699 451 1754 Poenos
471 1697 524 1752 illis
538 1706 563 1752 et
576 1697 675 1763 Gallos,
694 1698 820 1769 aquibus
831 1698 953 1753 tothellis
1000 1717 1001 1736 r

150 1771 283 1826 occidione
301 1773 369 1826 caesi
389 1773 451 1838 sint,
473 1772 667 1844 exprobrantes,
684 1771 860 1844 dicentesque,
876 1778 954 1842 prius
1000 1777 1001 1794 ¹

150 1850 204 1900 illis
215 1855 309 1913 partas
322 1851 447 1902 adversus
463 1847 687 1916 Carthaginienses
703 1851 870 1915 aperiendas,
888 1865 955 1917 quas
1000 1861 1001 1864 ’

151 1923 275 1974 clauserit
292 1929 374 1974 metus
393 1921 484 1975 Punici
506 1925 577 1986 belli,
594 1939 673 1990 quarn
685 1927 713 1975 in
724 1921 863 1976 Graeciam
877 1939 955 1976 amru
1000 1925 1001 1980 i

151 1999 342 2065 transferenda.
371 1995 518 2050 Meminisse
527 1995 622 2050 deinde
631 1996 730 2060 iubent,
742 2001 789 2065 qui
797 1999 894 2065 quibus
903 2001 956 2050 mi-

150 2079 252 2124 nentur.
281 2072 411 2125 Adversas
429 2071 519 2126 Gallos
531 2074 620 2143 urbem
632 2089 674 2126 eos
683 2088 757 2126 suam
767 2076 836 2125 tueri
845 2087 899 2124 non
905 2088 956 2139 po-

151 2151 229 2200 tuisse
233 2165 243 2214 ;
264 2154 416 2214 captamque
429 2161 479 2198 non
493 2149 564 2214 serra
579 2149 728 2214 defendisse,
741 2149 786 2199 sed
801 2163 869 2200 auro
879 2150 957 2200 rede-

149 2225 239 2274 misse:
259 2236 338 2289 quam
349 2228 447 2290 pentem
457 2237 484 2274 se
497 2223 632 2289 aliquanto
646 2225 744 2274 maiore
752 2236 832 2274 manu
843 2219 957 2275 Gracci·
1000 2241 1001 2248 ¹

150 2311 194 2346 am
207 2298 351 2361 inpressam
367 2311 419 2349 non
432 2297 515 2348 salum
528 2297 608 2348 nullis
621 2298 737 2349 externis
748 2297 856 2357 viribus,
868 2299 916 2350 sed
925 2312 956 2348 ne

149 2369 296 2420 domesticis
309 2373 411 2436 quidem
425 2373 485 2423 totis
499 2373 603 2423 adiutas
617 2373 765 2423 universam
778 2371 889 2438 delesse,
918 2387 956 2424 ss-

150 2440 255 2504 demque
268 2443 396 2508 sepulcris
410 2459 498 2496 eorum
508 2446 668 2510 praeterisse,
691 2459 768 2512 quam
786 2446 829 2497 illi
846 2447 956 2499 urbibus

150 2513 307 2578 imperioque
321 2531 369 2567 suo
380 2526 586 2582 proposuerant:
607 2527 698 2572 contra
717 2519 826 2572 Italiam
846 2524 957 2588 trepidis

149 2597 183 2631 ec
194 2589 292 2636 recenti
301 2589 374 2639 urbis
383 2605 447 2641 suae
456 2593 574 2644 incendio
584 2592 706 2646 ltoaranis
716 2597 866 2646 nniversam
877 2599 958 2662 [mnne

148 2665 164 2698 a
178 2651 262 2706 Gallis
272 2667 431 2723 occupatam.
462 2663 539 2716 Prius
549 2668 631 2732 ipitar
643 2669 698 2720 illis
710 2666 801 2721 Gallos
811 2667 896 2722 Italia
904 2671 960 2737 pel·
