2044 3028
136 171 184 226 {tl
371 177 523 222 IUSTINI
540 174 696 222 HlSTOR.

135 285 182 341 set,
194 293 274 347 quam
285 284 314 330 ut
328 277 464 340 emitteret,
476 276 563 332 victus
576 275 674 348 proelio
690 292 742 330 non
757 272 843 330 multo
856 292 936 348 quam
974 332 979 345 ,

134 359 193 424 post
212 349 379 423 naufragium
399 351 544 406 comitatior
563 351 680 422 trepidus
694 348 863 404 Antiochiam
878 367 938 406 oon-

135 424 212 498 fugit.
233 424 297 478 lude
307 424 340 478 ad
350 425 509 481 Antiochum
520 425 625 480 fratrem
636 425 733 478 litteras
743 422 816 478 lacit:
836 423 938 496 quihus
985 463 988 522 p

136 498 267 554 auxilium
277 499 334 554 eius
344 499 474 571 implorat,
485 500 572 556 oblata
581 499 605 554 ei
616 500 678 556 Asia
689 499 756 552 intre
767 498 849 562 linem
859 499 937 554 Tauri
987 523 988 542 ι

135 571 233 628 montis
243 573 271 628 in
282 575 430 645 praemium
441 574 507 629 letae
515 575 583 646 opis.
598 573 742 628 Antiochus
748 581 937 646 eutem,quum
988 558 989 604 l

136 656 204 704 esset
217 663 299 704 annos
313 648 511 721 quatuordecim
532 657 618 714 natus,
636 665 717 719 supra
735 655 844 702 aetatem
865 648 938 720 regni
989 650 990 698 l

136 723 231 779 avidus
246 723 407 780 occasionem
422 741 475 780 non
490 732 542 778 tarn
551 723 597 794 pio
606 723 703 786 animo,
719 740 802 794 quem
814 721 939 781 offereba-
990 742 991 776 t

138 808 189 864 tur,
203 797 331 870 adripuit:
353 799 398 854 sed
409 799 515 853 latronis
525 815 597 852 more
607 805 690 858 totum
700 795 774 852 fratri
782 796 885 868 eripere
895 814 940 852 cu·
991 835 992 854 t

81 877 82 880 ’
136 874 212 944 piens
225 891 291 944 puer
300 873 450 928 sceleratam
460 872 618 944 virilemque
626 873 709 926 sumit
719 867 865 926 au‘daciam.
886 872 940 927 Un-

137 948 170 1002 de
180 947 275 1002 Hieran
287 956 363 1002 estoo
383 947 546 1004 nominatus:
567 946 630 1018 quia
640 965 693 1004 nou
703 947 829 1010 hominis,
840 946 941 1002 sedac-

137 1021 237 1093 cipitris
247 1022 299 1076 ritu
309 1022 337 1076 in
351 965 443 1076 alonis
453 1021 595 1093 eripiendis
602 1023 681 1076 vitam
692 1029 841 1076 sectaretur.
858 1022 941 1076 lnter·

137 1113 167 1150 ea
186 1095 348 1150 Ptolemaeus
366 1114 452 1168 quum
465 1096 625 1151 Antiochum
640 1095 666 1149 in
683 1095 814 1150 auxilium
831 1095 942 1152 Seleuco

137 1170 227 1226 venire
236 1170 409 1242 cognovisset,
417 1188 450 1225 ne
459 1187 521 1226 cum
532 1170 636 1225 duobus
646 1186 701 1224 uno
710 1177 825 1242 tempore
830 1170 942 1226 dimica-

138 1250 185 1308 ret,
198 1244 226 1297 in
239 1260 322 1298 annos
336 1243 426 1298 decem
441 1261 504 1300 curn
516 1244 624 1300 Seleuco
633 1261 724 1316 pacem
735 1243 807 1298 lacit:
829 1245 878 1300 sed
889 1263 941 1316 pax

137 1317 171 1372 ab
181 1318 254 1374 hoste
264 1317 323 1372 data
335 1316 637 1390 interpellaturairatre:
659 1319 707 1391 qui
717 1318 844 1374 conducto
851 1318 943 1374 Gallo-

137 1411 199 1449 rum
212 1394 373 1448 meroenario
381 1394 506 1460 exercitu,
517 1411 566 1466 pro
576 1393 675 1448 auxilio
684 1393 793 1454 bellum,
806 1411 855 1464 pro
864 1393 943 1450 fratre

137 1467 240 1524 hostem
254 1467 409 1540 imploratus
421 1469 549 1526 exhibuit.
580 1469 610 1523 ln
621 1485 651 1524 eo
661 1466 758 1540 proelio
769 1467 865 1524 virtuto
880 1468 942 1525 Gal-

138 1543 225 1599 lorum
237 1543 317 1600 victor
326 1541 435 1616 quidem
444 1542 589 1601 Antiochus
599 1539 663 1598 init:
674 1542 721 1597 sed
731 1541 800 1598 Galli
810 1543 942 1599 arbitran-

137 1627 176 1673 tes
186 1617 325 1674 Seleucum
339 1619 366 1672 in
381 1618 479 1690 proelio
492 1617 624 1682 cecidisse,
641 1618 669 1671 in
679 1618 769 1688 ipsum
778 1617 941 1674 Antiochum

138 1710 211 1748 arma
226 1701 338 1748 vertere:
360 1692 468 1750 liberius
484 1692 668 1766 depopulaturi
681 1692 782 1756 Asiam,
798 1691 822 1745 si
833 1709 942 1747 omnem

138 1768 245 1838 stirpem
260 1766 359 1840 regiam
373 1768 569 1824 exstinxissent.
597 1766 674 1834 Quod
689 1766 735 1820 ubi
754 1766 837 1824 sensit
849 1766 943 1822 Auh'o-

138 1841 214 1905 chus,
227 1840 299 1895 velut
312 1841 522 1912 apraedonibus,
539 1859 641 1898 aurose
653 1841 766 1906 redimit,
778 1841 942 1896 societatem·

138 1931 261 1988 quecum
271 1915 611 1990 mercenariissuisiungit.

192 1988 262 2044 Cir.
283 1989 329 2044 111.
350 1989 449 2046 Interea
462 2007 510 2044 rex
522 1990 661 2064 Bithyniae
677 1990 824 2053 Eumenes,
840 1989 943 2062 sparsis

138 2064 336 2137 consumtisque
346 2062 470 2125 iratribus
479 2063 549 2120 bello
558 2065 695 2120 intestinae
704 2063 858 2128 discordiae,
874 2082 944 2136 qua-

138 2140 161 2194 si
183 2147 315 2196 vacantem
336 2138 413 2196 Asiae
430 2139 621 2212 possessionem
640 2139 797 2202 invasurus,
816 2139 944 2194 victorem

138 2215 298 2272 Antiochum
309 2213 452 2288 Gallosque
464 2213 626 2288 adgreditur.
656 2215 711 2268 Nec
719 2211 828 2268 difficile
837 2213 944 2268 saucios

138 2287 226 2344 adhue
239 2308 273 2346 ex
287 2291 420 2362 superiore
433 2289 624 2366 congressione,
640 2287 741 2362 integer
754 2288 811 2362 ipss
826 2286 943 2352 viribus,

137 2372 251 2432 superat.
276 2365 314 2418 Ea
325 2383 441 2438 namque
450 2371 600 2436 tempestate
612 2363 700 2418 omnia
710 2361 779 2418 helle
789 2363 817 2418 iu
827 2363 945 2421 exitium

136 2435 214 2489 Asiee
222 2436 393 2508 gerebantur:
415 2439 454 2494 uti
463 2439 579 2511 quisque
587 2436 676 2493 lortior
684 2436 786 2502 luisset,
797 2435 892 2494 Asiam
898 2455 946 2494 ve-

137 2507 177 2560 lut
189 2509 314 2579 praedam
327 2513 480 2583 occupabat.
509 2510 635 2567 Seleucus
649 2520 674 2566 et
686 2509 833 2566 Antiochus
848 2511 945 2568 henes

136 2577 236 2636 bellum
249 2589 352 2652 prepter
367 2584 459 2640 Asiam
472 2585 610 2658 gerebaut;
632 2585 808 2651 Ptolemaeus,
826 2604 876 2644 rex
891 2588 945 2644 Ae·

136 2653 219 2718 cypri,
231 2655 282 2706 sub
292 2655 377 2724 specie
386 2658 499 2714 sororiae
508 2658 617 2716 ultiouis
626 2660 704 2716 Asiae
714 2659 843 2718 inhiabat.
873 2661 946 2718 Hinc
