<?xml version="1.0" encoding="UTF-8"?>
<!DOCTYPE html PUBLIC "-//W3C//DTD XHTML 1.0 Transitional//EN"
    "http://www.w3.org/TR/xhtml1/DTD/xhtml1-transitional.dtd">
<html xmlns="http://www.w3.org/1999/xhtml" xml:lang="en" lang="en">
 <head>
  <title>
</title>
<meta http-equiv="Content-Type" content="text/html;charset=utf-8" />
  <meta name='ocr-system' content='tesseract 3.04.00' />
  <meta name='ocr-capabilities' content='ocr_page ocr_carea ocr_par ocr_line ocrx_word'/>
</head>
<body>
  <div class='ocr_page' id='page_1' title='image "./justinihistoria00justgoog_0097.png"; bbox 0 0 2014 3000; ppageno 0'>
   <div class='ocr_carea' id='block_1_1' title="bbox 134 195 699 249">
    <p class='ocr_par' dir='ltr' id='par_1_1' title="bbox 134 195 699 249">
     <span class='ocr_line' id='line_1_1' title="bbox 134 195 699 249; baseline -0.009 0"><span class='ocrx_word' id='word_1_1' title='bbox 134 195 168 249; x_wconf 77' lang='lat' dir='ltr'>el</span> <span class='ocrx_word' id='word_1_2' title='bbox 330 207 332 212; x_wconf 87' lang='lat'><em>·</em></span> <span class='ocrx_word' id='word_1_3' title='bbox 371 198 521 245; x_wconf 77' lang='lat' dir='ltr'>merrnu</span> <span class='ocrx_word' id='word_1_4' title='bbox 542 198 699 244; x_wconf 77' lang='lat' dir='ltr'>morou.</span> 
     </span>
    </p>
   </div>
   <div class='ocr_carea' id='block_1_2' title="bbox 132 297 1003 1701">
    <p class='ocr_par' dir='ltr' id='par_1_2' title="bbox 133 297 934 445">
     <span class='ocr_line' id='line_1_2' title="bbox 134 297 934 356; baseline -0.003 0"><span class='ocrx_word' id='word_1_5' title='bbox 134 301 291 356; x_wconf 75' lang='lat' dir='ltr'>interfectae.</span> <span class='ocrx_word' id='word_1_6' title='bbox 323 302 384 355; x_wconf 89' lang='lat' dir='ltr'>Post</span> <span class='ocrx_word' id='word_1_7' title='bbox 393 299 458 353; x_wconf 86' lang='lat' dir='ltr'>haec</span> <span class='ocrx_word' id='word_1_8' title='bbox 465 298 624 353; x_wconf 82' lang='lat' dir='ltr'>Artaxerxes</span> <span class='ocrx_word' id='word_1_9' title='bbox 635 297 725 352; x_wconf 91' lang='lat' dir='ltr'>morbo</span> <span class='ocrx_word' id='word_1_10' title='bbox 735 315 769 352; x_wconf 87' lang='lat' dir='ltr'>ex</span> <span class='ocrx_word' id='word_1_11' title='bbox 779 297 867 352; x_wconf 87' lang='lat' dir='ltr'>dolore</span> <span class='ocrx_word' id='word_1_12' title='bbox 876 315 934 354; x_wconf 91' lang='lat' dir='ltr'>oon-</span> 
     </span>
     <span class='ocr_line' id='line_1_3' title="bbox 133 371 683 445; baseline -0.007 -15"><span class='ocrx_word' id='word_1_13' title='bbox 133 384 214 430; x_wconf 86' lang='lat' dir='ltr'>tracto</span> <span class='ocrx_word' id='word_1_14' title='bbox 224 374 333 439; x_wconf 82' lang='lat' dir='ltr'>decedit,</span> <span class='ocrx_word' id='word_1_15' title='bbox 346 393 393 428; x_wconf 89' lang='lat' dir='ltr'>rex</span> <span class='ocrx_word' id='word_1_16' title='bbox 401 391 482 445; x_wconf 92' lang='lat' dir='ltr'>quam</span> <span class='ocrx_word' id='word_1_17' title='bbox 493 381 566 444; x_wconf 85' lang='lat' dir='ltr'>pater</span> <span class='ocrx_word' id='word_1_18' title='bbox 576 371 683 426; x_wconf 83' lang='lat' dir='ltr'>felicior.</span> 
     </span>
    </p>

    <p class='ocr_par' dir='ltr' id='par_1_3' title="bbox 132 446 1003 1701">
     <span class='ocr_line' id='line_1_4' title="bbox 189 446 934 520; baseline -0.004 -15"><span class='ocrx_word' id='word_1_19' title='bbox 189 450 259 506; x_wconf 73' lang='lat' dir='ltr'>Car.</span> <span class='ocrx_word' id='word_1_20' title='bbox 273 451 317 504; x_wconf 87' lang='lat'><em>111.</em></span> <span class='ocrx_word' id='word_1_21' title='bbox 338 449 472 502; x_wconf 82' lang='lat' dir='ltr'>Hereditas</span> <span class='ocrx_word' id='word_1_22' title='bbox 486 448 561 520; x_wconf 80' lang='lat' dir='ltr'>regni</span> <span class='ocrx_word' id='word_1_23' title='bbox 577 447 649 502; x_wconf 89' lang='lat' dir='ltr'>Ocho</span> <span class='ocrx_word' id='word_1_24' title='bbox 663 446 765 512; x_wconf 85' lang='lat' dir='ltr'>tradita,</span> <span class='ocrx_word' id='word_1_25' title='bbox 781 447 830 518; x_wconf 92' lang='lat' dir='ltr'>qui</span> <span class='ocrx_word' id='word_1_26' title='bbox 844 447 934 502; x_wconf 87' lang='lat' dir='ltr'>timens</span> 
     </span>
     <span class='ocr_line' id='line_1_5' title="bbox 133 520 936 598; baseline -0.004 -19"><span class='ocrx_word' id='word_1_27' title='bbox 133 541 224 598; x_wconf 89' lang='lat' dir='ltr'>parem</span> <span class='ocrx_word' id='word_1_28' title='bbox 239 525 447 578; x_wconf 88' lang='lat' dir='ltr'>coniurationem</span> <span class='ocrx_word' id='word_1_29' title='bbox 458 523 558 596; x_wconf 82' lang='lat' dir='ltr'>regiam</span> <span class='ocrx_word' id='word_1_30' title='bbox 571 529 742 594; x_wconf 82' lang='lat' dir='ltr'>cognatorum</span> <span class='ocrx_word' id='word_1_31' title='bbox 752 520 831 576; x_wconf 89' lang='lat' dir='ltr'>caede</span> <span class='ocrx_word' id='word_1_32' title='bbox 840 531 864 575; x_wconf 90' lang='lat' dir='ltr'>et</span> <span class='ocrx_word' id='word_1_33' title='bbox 872 531 936 576; x_wconf 89' lang='lat' dir='ltr'>stra-</span> 
     </span>
     <span class='ocr_line' id='line_1_6' title="bbox 133 597 932 672; baseline -0.005 -18"><span class='ocrx_word' id='word_1_34' title='bbox 133 617 167 672; x_wconf 81' lang='lat' dir='ltr'>ge</span> <span class='ocrx_word' id='word_1_35' title='bbox 179 600 333 672; x_wconf 87' lang='lat' dir='ltr'>principum</span> <span class='ocrx_word' id='word_1_36' title='bbox 348 598 437 670; x_wconf 83' lang='lat' dir='ltr'>replet,</span> <span class='ocrx_word' id='word_1_37' title='bbox 455 597 538 661; x_wconf 88' lang='lat' dir='ltr'>nulla,</span> <span class='ocrx_word' id='word_1_38' title='bbox 554 614 606 650; x_wconf 90' lang='lat' dir='ltr'>non</span> <span class='ocrx_word' id='word_1_39' title='bbox 621 597 770 668; x_wconf 83' lang='lat' dir='ltr'>sanguinis,</span> <span class='ocrx_word' id='word_1_40' title='bbox 783 614 836 650; x_wconf 90' lang='lat' dir='ltr'>non</span> <span class='ocrx_word' id='word_1_41' title='bbox 848 614 932 663; x_wconf 77' lang='lat' dir='ltr'>sexus,</span> 
     </span>
     <span class='ocr_line' id='line_1_7' title="bbox 133 671 1003 743; baseline -0.002 -15"><span class='ocrx_word' id='word_1_42' title='bbox 133 692 187 728; x_wconf 90' lang='lat' dir='ltr'>non</span> <span class='ocrx_word' id='word_1_43' title='bbox 203 675 292 730; x_wconf 88' lang='lat' dir='ltr'>aetatis</span> <span class='ocrx_word' id='word_1_44' title='bbox 303 673 482 728; x_wconf 85' lang='lat' dir='ltr'>misericordia</span> <span class='ocrx_word' id='word_1_45' title='bbox 492 679 639 743; x_wconf 90' lang='lat' dir='ltr'>permotus:</span> <span class='ocrx_word' id='word_1_46' title='bbox 662 671 802 725; x_wconf 86' lang='lat' dir='ltr'>scilicetne</span> <span class='ocrx_word' id='word_1_47' title='bbox 816 671 936 726; x_wconf 84' lang='lat' dir='ltr'>innocen·</span> <span class='ocrx_word' id='word_1_48' title='bbox 1002 677 1003 712; x_wconf 76' lang='lat' dir='ltr'>l</span> 
     </span>
     <span class='ocr_line' id='line_1_8' title="bbox 133 745 937 822; baseline -0.006 -20"><span class='ocrx_word' id='word_1_49' title='bbox 133 749 184 804; x_wconf 89' lang='lat' dir='ltr'>tior</span> <span class='ocrx_word' id='word_1_50' title='bbox 193 749 319 804; x_wconf 84' lang='lat' dir='ltr'>iratribus</span> <span class='ocrx_word' id='word_1_51' title='bbox 328 748 467 822; x_wconf 87' lang='lat' dir='ltr'>parricidis</span> <span class='ocrx_word' id='word_1_52' title='bbox 477 747 627 801; x_wconf 84' lang='lat' dir='ltr'>haberetur.</span> <span class='ocrx_word' id='word_1_53' title='bbox 655 746 743 818; x_wconf 86' lang='lat' dir='ltr'>Atque</span> <span class='ocrx_word' id='word_1_54' title='bbox 753 747 788 800; x_wconf 89' lang='lat' dir='ltr'>ita</span> <span class='ocrx_word' id='word_1_55' title='bbox 799 745 877 800; x_wconf 88' lang='lat' dir='ltr'>veluti</span> <span class='ocrx_word' id='word_1_56' title='bbox 887 763 937 817; x_wconf 89' lang='lat' dir='ltr'>pu·</span> 
     </span>
     <span class='ocr_line' id='line_1_9' title="bbox 133 819 1003 900; baseline -0.003 -22"><span class='ocrx_word' id='word_1_57' title='bbox 133 825 236 880; x_wconf 87' lang='lat' dir='ltr'>rificato</span> <span class='ocrx_word' id='word_1_58' title='bbox 244 843 326 898; x_wconf 83' lang='lat' dir='ltr'>regno</span> <span class='ocrx_word' id='word_1_59' title='bbox 336 821 564 879; x_wconf 87' lang='lat' dir='ltr'>bellumCadusiis</span> <span class='ocrx_word' id='word_1_60' title='bbox 575 819 662 874; x_wconf 87' lang='lat' dir='ltr'>infert.</span> <span class='ocrx_word' id='word_1_61' title='bbox 674 822 705 876; x_wconf 91' lang='lat' dir='ltr'>ln</span> <span class='ocrx_word' id='word_1_62' title='bbox 715 839 745 875; x_wconf 91' lang='lat' dir='ltr'>eo</span> <span class='ocrx_word' id='word_1_63' title='bbox 754 820 938 893; x_wconf 87' lang='lat' dir='ltr'>quumadver-</span> <span class='ocrx_word' id='word_1_64' title='bbox 1002 819 1003 900; x_wconf 69' lang='lat' dir='ltr'>l</span> 
     </span>
     <span class='ocr_line' id='line_1_10' title="bbox 133 895 1003 972; baseline -0.006 -17"><span class='ocrx_word' id='word_1_65' title='bbox 133 917 181 954; x_wconf 84' lang='lat' dir='ltr'>sus</span> <span class='ocrx_word' id='word_1_66' title='bbox 197 907 391 971; x_wconf 81' lang='lat' dir='ltr'>provocatorem</span> <span class='ocrx_word' id='word_1_67' title='bbox 410 897 527 951; x_wconf 91' lang='lat' dir='ltr'>hostium</span> <span class='ocrx_word' id='word_1_68' title='bbox 542 895 729 951; x_wconf 88' lang='lat' dir='ltr'>Codomannus</span> <span class='ocrx_word' id='word_1_69' title='bbox 748 895 859 968; x_wconf 90' lang='lat' dir='ltr'>quidam</span> <span class='ocrx_word' id='word_1_70' title='bbox 875 913 939 951; x_wconf 88' lang='lat' dir='ltr'>cum</span> <span class='ocrx_word' id='word_1_71' title='bbox 1002 909 1003 972; x_wconf 64' lang='lat' dir='ltr'>l</span> 
     </span>
     <span class='ocr_line' id='line_1_11' title="bbox 133 971 1003 1043; baseline -0.005 -15"><span class='ocrx_word' id='word_1_72' title='bbox 133 975 256 1028; x_wconf 88' lang='lat' dir='ltr'>omnium</span> <span class='ocrx_word' id='word_1_73' title='bbox 271 973 361 1027; x_wconf 88' lang='lat' dir='ltr'>favore</span> <span class='ocrx_word' id='word_1_74' title='bbox 374 972 550 1043; x_wconf 77' lang='lat' dir='ltr'>processisset,</span> <span class='ocrx_word' id='word_1_75' title='bbox 568 971 642 1025; x_wconf 85' lang='lat' dir='ltr'>hoste</span> <span class='ocrx_word' id='word_1_76' title='bbox 653 987 727 1025; x_wconf 89' lang='lat' dir='ltr'>caeso</span> <span class='ocrx_word' id='word_1_77' title='bbox 737 971 871 1026; x_wconf 87' lang='lat' dir='ltr'>victoriam</span> <span class='ocrx_word' id='word_1_78' title='bbox 880 973 938 1025; x_wconf 89' lang='lat' dir='ltr'>suis</span> <span class='ocrx_word' id='word_1_79' title='bbox 1002 979 1003 1030; x_wconf 60' lang='grc' dir='ltr'>ζ</span> 
     </span>
     <span class='ocr_line' id='line_1_12' title="bbox 132 1045 941 1119; baseline -0.001 -18"><span class='ocrx_word' id='word_1_80' title='bbox 132 1048 230 1118; x_wconf 89' lang='lat' dir='ltr'>pariter</span> <span class='ocrx_word' id='word_1_81' title='bbox 242 1055 267 1102; x_wconf 87' lang='lat' dir='ltr'>et</span> <span class='ocrx_word' id='word_1_82' title='bbox 275 1063 356 1118; x_wconf 87' lang='lat' dir='ltr'>prope</span> <span class='ocrx_word' id='word_1_83' title='bbox 366 1047 492 1100; x_wconf 89' lang='lat' dir='ltr'>amissam</span> <span class='ocrx_word' id='word_1_84' title='bbox 502 1046 614 1119; x_wconf 85' lang='lat' dir='ltr'>gloriam</span> <span class='ocrx_word' id='word_1_85' title='bbox 624 1046 744 1100; x_wconf 86' lang='lat' dir='ltr'>restituit.</span> <span class='ocrx_word' id='word_1_86' title='bbox 771 1045 884 1100; x_wconf 88' lang='lat' dir='ltr'>Obhaec</span> <span class='ocrx_word' id='word_1_87' title='bbox 893 1045 941 1100; x_wconf 87' lang='lat' dir='ltr'>de-</span> 
     </span>
     <span class='ocr_line' id='line_1_13' title="bbox 133 1121 1003 1192; baseline 0.001 -17"><span class='ocrx_word' id='word_1_88' title='bbox 133 1139 192 1176; x_wconf 89' lang='lat' dir='ltr'>cora</span> <span class='ocrx_word' id='word_1_89' title='bbox 203 1121 273 1175; x_wconf 89' lang='lat' dir='ltr'>idem</span> <span class='ocrx_word' id='word_1_90' title='bbox 283 1122 471 1176; x_wconf 87' lang='lat' dir='ltr'>Codomannus</span> <span class='ocrx_word' id='word_1_91' title='bbox 480 1121 631 1192; x_wconf 84' lang='lat' dir='ltr'>praeficitur</span> <span class='ocrx_word' id='word_1_92' title='bbox 640 1121 783 1174; x_wconf 79' lang='lat' dir='ltr'>Armeniis</span> <span class='ocrx_word' id='word_1_93' title='bbox 804 1121 941 1176; x_wconf 82' lang='lat' dir='ltr'>Interiecto</span> <span class='ocrx_word' id='word_1_94' title='bbox 1002 1187 1003 1190; x_wconf 8' lang='grc' dir='ltr'><strong>Ἴ</strong></span> 
     </span>
     <span class='ocr_line' id='line_1_14' title="bbox 133 1195 1003 1267; baseline 0 -17"><span class='ocrx_word' id='word_1_95' title='bbox 133 1195 229 1250; x_wconf 89' lang='lat' dir='ltr'>deinde</span> <span class='ocrx_word' id='word_1_96' title='bbox 243 1203 360 1266; x_wconf 87' lang='lat' dir='ltr'>ternpore</span> <span class='ocrx_word' id='word_1_97' title='bbox 373 1202 433 1267; x_wconf 91' lang='lat' dir='ltr'>post</span> <span class='ocrx_word' id='word_1_98' title='bbox 447 1204 558 1250; x_wconf 87' lang='lat' dir='ltr'>mortem</span> <span class='ocrx_word' id='word_1_99' title='bbox 573 1195 639 1249; x_wconf 89' lang='lat' dir='ltr'>Ochi</span> <span class='ocrx_word' id='word_1_100' title='bbox 653 1196 722 1267; x_wconf 83' lang='lat' dir='ltr'>regis</span> <span class='ocrx_word' id='word_1_101' title='bbox 736 1196 770 1249; x_wconf 91' lang='lat' dir='ltr'>ob</span> <span class='ocrx_word' id='word_1_102' title='bbox 783 1196 943 1251; x_wconf 82' lang='lat' dir='ltr'>memoriam</span> <span class='ocrx_word' id='word_1_103' title='bbox 1002 1233 1003 1240; x_wconf 22' lang='grc' dir='ltr'>η</span> 
     </span>
     <span class='ocr_line' id='line_1_15' title="bbox 132 1269 1003 1342; baseline 0 -18"><span class='ocrx_word' id='word_1_104' title='bbox 132 1271 260 1342; x_wconf 85' lang='lat' dir='ltr'>pristinae</span> <span class='ocrx_word' id='word_1_105' title='bbox 269 1271 374 1325; x_wconf 86' lang='lat' dir='ltr'>virtutis</span> <span class='ocrx_word' id='word_1_106' title='bbox 385 1289 432 1326; x_wconf 86' lang='lat' dir='ltr'>rex</span> <span class='ocrx_word' id='word_1_107' title='bbox 442 1289 456 1324; x_wconf 91' lang='lat' dir='ltr'>a</span> <span class='ocrx_word' id='word_1_108' title='bbox 466 1270 565 1342; x_wconf 91' lang='lat' dir='ltr'>populo</span> <span class='ocrx_word' id='word_1_109' title='bbox 577 1269 753 1334; x_wconf 85' lang='lat' dir='ltr'>constituitur,</span> <span class='ocrx_word' id='word_1_110' title='bbox 769 1271 839 1323; x_wconf 89' lang='lat' dir='ltr'>Darii</span> <span class='ocrx_word' id='word_1_111' title='bbox 853 1271 944 1325; x_wconf 84' lang='lat' dir='ltr'>nomi·</span> <span class='ocrx_word' id='word_1_112' title='bbox 1002 1293 1003 1340; x_wconf 36' lang='grc' dir='ltr'><strong>ᾗ</strong></span> 
     </span>
     <span class='ocr_line' id='line_1_16' title="bbox 133 1343 1003 1419; baseline 0.001 -20"><span class='ocrx_word' id='word_1_113' title='bbox 133 1363 181 1410; x_wconf 88' lang='lat' dir='ltr'>ne,</span> <span class='ocrx_word' id='word_1_114' title='bbox 198 1345 312 1418; x_wconf 88' lang='lat' dir='ltr'>nequid</span> <span class='ocrx_word' id='word_1_115' title='bbox 328 1346 414 1419; x_wconf 79' lang='lat' dir='ltr'>regiae</span> <span class='ocrx_word' id='word_1_116' title='bbox 432 1345 562 1400; x_wconf 86' lang='lat' dir='ltr'>maiestati</span> <span class='ocrx_word' id='word_1_117' title='bbox 577 1343 690 1410; x_wconf 89' lang='lat' dir='ltr'>deesset,</span> <span class='ocrx_word' id='word_1_118' title='bbox 706 1344 862 1412; x_wconf 80' lang='lat' dir='ltr'>honoratus3</span> <span class='ocrx_word' id='word_1_119' title='bbox 884 1345 946 1400; x_wconf 89' lang='lat' dir='ltr'>bel-</span> <span class='ocrx_word' id='word_1_120' title='bbox 1002 1347 1003 1350; x_wconf 70' lang='grc'>’</span> 
     </span>
     <span class='ocr_line' id='line_1_17' title="bbox 133 1418 945 1492; baseline 0.002 -18"><span class='ocrx_word' id='word_1_121' title='bbox 133 1419 245 1492; x_wconf 90' lang='lat' dir='ltr'>lumque</span> <span class='ocrx_word' id='word_1_122' title='bbox 267 1437 329 1475; x_wconf 89' lang='lat' dir='ltr'>cum</span> <span class='ocrx_word' id='word_1_123' title='bbox 348 1421 499 1476; x_wconf 83' lang='lat' dir='ltr'>Alexandro</span> <span class='ocrx_word' id='word_1_124' title='bbox 517 1421 613 1492; x_wconf 83' lang='lat' dir='ltr'>Magno</span> <span class='ocrx_word' id='word_1_125' title='bbox 631 1419 679 1472; x_wconf 90' lang='lat' dir='ltr'>diu</span> <span class='ocrx_word' id='word_1_126' title='bbox 699 1419 816 1473; x_wconf 87' lang='lat' dir='ltr'>variante</span> <span class='ocrx_word' id='word_1_127' title='bbox 835 1418 945 1476; x_wconf 83' lang='lat' dir='ltr'>fortuna</span> 
     </span>
     <span class='ocr_line' id='line_1_18' title="bbox 133 1493 1003 1570; baseline 0.001 -20"><span class='ocrx_word' id='word_1_128' title='bbox 133 1513 231 1569; x_wconf 83' lang='lat' dir='ltr'>magna</span> <span class='ocrx_word' id='word_1_129' title='bbox 243 1496 339 1551; x_wconf 89' lang='lat' dir='ltr'>virtute</span> <span class='ocrx_word' id='word_1_130' title='bbox 347 1496 438 1570; x_wconf 83' lang='lat' dir='ltr'>gessit.</span> <span class='ocrx_word' id='word_1_131' title='bbox 469 1497 601 1549; x_wconf 87' lang='lat' dir='ltr'>Postremo</span> <span class='ocrx_word' id='word_1_132' title='bbox 612 1494 697 1548; x_wconf 89' lang='lat' dir='ltr'>victus</span> <span class='ocrx_word' id='word_1_133' title='bbox 712 1495 746 1548; x_wconf 92' lang='lat' dir='ltr'>ab</span> <span class='ocrx_word' id='word_1_134' title='bbox 756 1493 910 1551; x_wconf 83' lang='lat' dir='ltr'>Alexandro</span> <span class='ocrx_word' id='word_1_135' title='bbox 919 1505 947 1551; x_wconf 82' lang='lat' dir='ltr'>et</span> <span class='ocrx_word' id='word_1_136' title='bbox 1002 1503 1003 1520; x_wconf 66' lang='lat'>¹</span> 
     </span>
     <span class='ocr_line' id='line_1_19' title="bbox 133 1570 947 1647; baseline 0 -23"><span class='ocrx_word' id='word_1_137' title='bbox 133 1589 148 1624; x_wconf 85' lang='lat' dir='ltr'>a</span> <span class='ocrx_word' id='word_1_138' title='bbox 163 1572 281 1646; x_wconf 83' lang='lat' dir='ltr'>cognatis</span> <span class='ocrx_word' id='word_1_139' title='bbox 294 1572 397 1626; x_wconf 87' lang='lat' dir='ltr'>occisus</span> <span class='ocrx_word' id='word_1_140' title='bbox 413 1572 494 1626; x_wconf 82' lang='lat' dir='ltr'>vitam</span> <span class='ocrx_word' id='word_1_141' title='bbox 508 1570 604 1642; x_wconf 87' lang='lat' dir='ltr'>pariter</span> <span class='ocrx_word' id='word_1_142' title='bbox 619 1586 681 1622; x_wconf 89' lang='lat' dir='ltr'>curn</span> <span class='ocrx_word' id='word_1_143' title='bbox 697 1570 839 1623; x_wconf 87' lang='lat' dir='ltr'>Persarum</span> <span class='ocrx_word' id='word_1_144' title='bbox 859 1588 947 1647; x_wconf 80' lang='lat' dir='ltr'>regno</span> 
     </span>
     <span class='ocr_line' id='line_1_20' title="bbox 134 1646 229 1701; baseline 0.011 -1"><span class='ocrx_word' id='word_1_145' title='bbox 134 1646 229 1701; x_wconf 81' lang='lat' dir='ltr'>fmivit.</span> 
     </span>
    </p>
   </div>
   <div class='ocr_carea' id='block_1_3' title="bbox 424 1789 649 1817">
    <p class='ocr_par' dir='ltr' id='par_1_4' title="bbox 424 1789 649 1817">
     <span class='ocr_line' id='line_1_21' title="bbox 424 1789 649 1817; baseline -0.004 -9"><span class='ocrx_word' id='word_1_146' title='bbox 424 1789 649 1817; x_wconf 50' lang='lat' dir='ltr'>...emb-.-</span> 
     </span>
    </p>
   </div>
   <div class='ocr_carea' id='block_1_4' title="bbox 372 2015 696 2073">
    <p class='ocr_par' dir='ltr' id='par_1_5' title="bbox 372 2015 696 2073">
     <span class='ocr_line' id='line_1_22' title="bbox 372 2015 696 2073; baseline 0 -1"><span class='ocrx_word' id='word_1_147' title='bbox 372 2015 571 2073; x_wconf 88' lang='lat' dir='ltr'><strong>LIBER</strong></span> <span class='ocrx_word' id='word_1_148' title='bbox 629 2015 696 2072; x_wconf 85' lang='lat' dir='ltr'>x1.</span> 
     </span>
    </p>
   </div>
   <div class='ocr_carea' id='block_1_5' title="bbox 431 2159 643 2186">
    <p class='ocr_par' dir='ltr' id='par_1_6' title="bbox 431 2159 643 2186">
     <span class='ocr_line' id='line_1_23' title="bbox 431 2159 643 2186; baseline 0 0"><span class='ocrx_word' id='word_1_149' title='bbox 431 2159 643 2186; x_wconf 44' lang='lat' dir='ltr'>&amp;a</span> 
     </span>
    </p>
   </div>
   <div class='ocr_carea' id='block_1_6' title="bbox 133 2257 1003 2554">
    <p class='ocr_par' dir='ltr' id='par_1_7' title="bbox 133 2257 1003 2554">
     <span class='ocr_line' id='line_1_24' title="bbox 133 2257 957 2309; baseline -0.008 -11"><span class='ocrx_word' id='word_1_150' title='bbox 133 2261 156 2298; x_wconf 77' lang='lat' dir='ltr'><em>A</em></span> <span class='ocrx_word' id='word_1_151' title='bbox 160 2259 180 2296; x_wconf 83' lang='lat' dir='ltr'><strong><em>R</em></strong></span> <span class='ocrx_word' id='word_1_152' title='bbox 188 2259 213 2297; x_wconf 82' lang='lat' dir='ltr'>G.</span> <span class='ocrx_word' id='word_1_153' title='bbox 228 2261 277 2308; x_wconf 80' lang='lat' dir='ltr'>Cep.</span> <span class='ocrx_word' id='word_1_154' title='bbox 287 2263 306 2296; x_wconf 82' lang='lat'>1.</span> <span class='ocrx_word' id='word_1_155' title='bbox 316 2263 335 2297; x_wconf 81' lang='lat'>2.</span> <span class='ocrx_word' id='word_1_156' title='bbox 343 2259 380 2298; x_wconf 84' lang='lat' dir='ltr'>Fit</span> <span class='ocrx_word' id='word_1_157' title='bbox 392 2271 429 2298; x_wconf 82' lang='lat' dir='ltr'>rex</span> <span class='ocrx_word' id='word_1_158' title='bbox 440 2259 575 2296; x_wconf 78' lang='lat' dir='ltr'>Macedonum</span> <span class='ocrx_word' id='word_1_159' title='bbox 587 2257 714 2296; x_wconf 78' lang='lat' dir='ltr'>Alexander.</span> <span class='ocrx_word' id='word_1_160' title='bbox 730 2260 750 2294; x_wconf 77' lang='lat'>8.</span> <span class='ocrx_word' id='word_1_161' title='bbox 758 2260 779 2296; x_wconf 78' lang='lat'>4.</span> <span class='ocrx_word' id='word_1_162' title='bbox 791 2257 905 2296; x_wconf 70' lang='lat' dir='ltr'>Graeciam</span> <span class='ocrx_word' id='word_1_163' title='bbox 915 2273 957 2309; x_wconf 73' lang='lat' dir='ltr'>p«.</span> 
     </span>
     <span class='ocr_line' id='line_1_25' title="bbox 182 2319 957 2368; baseline 0.003 -10"><span class='ocrx_word' id='word_1_164' title='bbox 182 2327 222 2358; x_wconf 79' lang='lat' dir='ltr'>cet.</span> <span class='ocrx_word' id='word_1_165' title='bbox 243 2325 263 2360; x_wconf 81' lang='lat'>⁵.</span> <span class='ocrx_word' id='word_1_166' title='bbox 276 2323 344 2360; x_wconf 80' lang='lat' dir='ltr'>Persis</span> <span class='ocrx_word' id='word_1_167' title='bbox 358 2323 434 2360; x_wconf 83' lang='lat' dir='ltr'>bellum</span> <span class='ocrx_word' id='word_1_168' title='bbox 445 2323 514 2360; x_wconf 77' lang='lat' dir='ltr'>infert.</span> <span class='ocrx_word' id='word_1_169' title='bbox 539 2325 557 2360; x_wconf 87' lang='grc'>6,</span> <span class='ocrx_word' id='word_1_170' title='bbox 571 2322 641 2368; x_wconf 72' lang='lat' dir='ltr'>Pugno</span> <span class='ocrx_word' id='word_1_171' title='bbox 652 2321 677 2358; x_wconf 76' lang='lat' dir='ltr'>nd</span> <span class='ocrx_word' id='word_1_172' title='bbox 690 2319 810 2358; x_wconf 78' lang='lat' dir='ltr'>Granicum.</span> <span class='ocrx_word' id='word_1_173' title='bbox 835 2327 855 2360; x_wconf 84' lang='lat'>7.</span> <span class='ocrx_word' id='word_1_174' title='bbox 871 2323 957 2360; x_wconf 72' lang='lat' dir='ltr'>Nudus</span> 
     </span>
     <span class='ocr_line' id='line_1_26' title="bbox 182 2384 1003 2433; baseline 0.006 -13"><span class='ocrx_word' id='word_1_175' title='bbox 182 2384 278 2422; x_wconf 77' lang='lat' dir='ltr'>Gordius.</span> <span class='ocrx_word' id='word_1_176' title='bbox 294 2389 314 2423; x_wconf 82' lang='lat'>8·</span> <span class='ocrx_word' id='word_1_177' title='bbox 327 2386 447 2424; x_wconf 78' lang='lat' dir='ltr'>Alexander</span> <span class='ocrx_word' id='word_1_178' title='bbox 460 2385 481 2423; x_wconf 86' lang='lat' dir='ltr'>in</span> <span class='ocrx_word' id='word_1_179' title='bbox 495 2384 575 2424; x_wconf 65' lang='lat' dir='ltr'>cilicii.</span> <span class='ocrx_word' id='word_1_180' title='bbox 591 2390 610 2422; x_wconf 80' lang='lat'>9.</span> <span class='ocrx_word' id='word_1_181' title='bbox 624 2385 694 2433; x_wconf 79' lang='lat' dir='ltr'>Pugna</span> <span class='ocrx_word' id='word_1_182' title='bbox 706 2385 814 2422; x_wconf 72' lang='lat' dir='ltr'>ediscunt.</span> <span class='ocrx_word' id='word_1_183' title='bbox 833 2389 959 2425; x_wconf 73' lang='lat' dir='ltr'>10.Mece-</span> <span class='ocrx_word' id='word_1_184' title='bbox 1002 2405 1003 2416; x_wconf 60' lang='lat' dir='ltr'>r</span> 
     </span>
     <span class='ocr_line' id='line_1_27' title="bbox 182 2446 1003 2497; baseline 0.011 -16"><span class='ocrx_word' id='word_1_185' title='bbox 182 2447 338 2484; x_wconf 78' lang='lat' dir='ltr'>donnmluxur.</span> <span class='ocrx_word' id='word_1_186' title='bbox 360 2453 390 2486; x_wconf 90' lang='lat'>11.</span> <span class='ocrx_word' id='word_1_187' title='bbox 402 2449 521 2497; x_wconf 71' lang='lat' dir='ltr'>Alexander</span> <span class='ocrx_word' id='word_1_188' title='bbox 533 2449 558 2485; x_wconf 84' lang='lat' dir='ltr'>ad</span> <span class='ocrx_word' id='word_1_189' title='bbox 571 2446 690 2486; x_wconf 74' lang='lat' dir='ltr'>Hammonis</span> <span class='ocrx_word' id='word_1_190' title='bbox 704 2450 814 2487; x_wconf 81' lang='lat' dir='ltr'>oraculum.</span> <span class='ocrx_word' id='word_1_191' title='bbox 831 2454 864 2488; x_wconf 80' lang='lat'>12.</span> <span class='ocrx_word' id='word_1_192' title='bbox 877 2455 914 2490; x_wconf 81' lang='lat'>13.</span> <span class='ocrx_word' id='word_1_193' title='bbox 925 2457 960 2490; x_wconf 76' lang='lat'>1⁴.</span> <span class='ocrx_word' id='word_1_194' title='bbox 1002 2471 1003 2474; x_wconf 43' lang='lat'>¹</span> 
     </span>
     <span class='ocr_line' id='line_1_28' title="bbox 180 2506 1003 2554; baseline 0.017 -12"><span class='ocrx_word' id='word_1_195' title='bbox 180 2506 252 2554; x_wconf 78' lang='lat' dir='ltr'>Pugna</span> <span class='ocrx_word' id='word_1_196' title='bbox 264 2509 290 2544; x_wconf 80' lang='lat' dir='ltr'>ed</span> <span class='ocrx_word' id='word_1_197' title='bbox 298 2509 382 2547; x_wconf 76' lang='lat' dir='ltr'>Arbela.</span> <span class='ocrx_word' id='word_1_198' title='bbox 399 2514 428 2548; x_wconf 81' lang='lat'>1⁵.</span> <span class='ocrx_word' id='word_1_199' title='bbox 437 2511 511 2548; x_wconf 84' lang='lat' dir='ltr'>Obitus</span> <span class='ocrx_word' id='word_1_200' title='bbox 525 2513 655 2550; x_wconf 71' lang='lat' dir='ltr'>carlomanni.</span> <span class='ocrx_word' id='word_1_201' title='bbox 1002 2511 1003 2514; x_wconf 25' lang='lat'>¹</span> 
     </span>
    </p>
   </div>
   <div class='ocr_carea' id='block_1_7' title="bbox 136 2598 1003 2749">
    <p class='ocr_par' dir='ltr' id='par_1_8' title="bbox 136 2598 1003 2749">
     <span class='ocr_line' id='line_1_29' title="bbox 190 2598 1003 2691; baseline 0.018 -32"><span class='ocrx_word' id='word_1_202' title='bbox 190 2598 267 2691; x_wconf 72' lang='lat' dir='ltr'>Car.</span> <span class='ocrx_word' id='word_1_203' title='bbox 282 2611 304 2663; x_wconf 93' lang='lat'>1.</span> <span class='ocrx_word' id='word_1_204' title='bbox 325 2612 355 2664; x_wconf 86' lang='lat' dir='ltr'>ln</span> <span class='ocrx_word' id='word_1_205' title='bbox 373 2615 487 2668; x_wconf 84' lang='lat' dir='ltr'>exercitu</span> <span class='ocrx_word' id='word_1_206' title='bbox 507 2615 624 2686; x_wconf 85' lang='lat' dir='ltr'>Philippi</span> <span class='ocrx_word' id='word_1_207' title='bbox 646 2617 724 2670; x_wconf 88' lang='lat' dir='ltr'>sicuti</span> <span class='ocrx_word' id='word_1_208' title='bbox 744 2617 832 2671; x_wconf 88' lang='lat' dir='ltr'>variae</span> <span class='ocrx_word' id='word_1_209' title='bbox 851 2627 962 2691; x_wconf 78' lang='lat' dir='ltr'>gentes</span> <span class='ocrx_word' id='word_1_210' title='bbox 1002 2599 1003 2658; x_wconf 49' lang='grc' dir='ltr'>ἕ</span> 
     </span>
     <span class='ocr_line' id='line_1_30' title="bbox 136 2684 1003 2749; baseline 0.029 -25"><span class='ocrx_word' id='word_1_211' title='bbox 136 2684 218 2741; x_wconf 87' lang='lat' dir='ltr'>erant,</span> <span class='ocrx_word' id='word_1_212' title='bbox 234 2688 269 2733; x_wconf 88' lang='lat' dir='ltr'>rta</span> <span class='ocrx_word' id='word_1_213' title='bbox 284 2698 314 2734; x_wconf 89' lang='lat' dir='ltr'>eo</span> <span class='ocrx_word' id='word_1_214' title='bbox 323 2685 408 2738; x_wconf 88' lang='lat' dir='ltr'>occiso</span> <span class='ocrx_word' id='word_1_215' title='bbox 418 2687 517 2743; x_wconf 87' lang='lat' dir='ltr'>diversi</span> <span class='ocrx_word' id='word_1_216' title='bbox 527 2699 614 2746; x_wconf 90' lang='lat' dir='ltr'>motus</span> <span class='ocrx_word' id='word_1_217' title='bbox 625 2692 775 2745; x_wconf 87' lang='lat' dir='ltr'>animorum</span> <span class='ocrx_word' id='word_1_218' title='bbox 787 2691 880 2749; x_wconf 87' lang='lat' dir='ltr'>luere:</span> <span class='ocrx_word' id='word_1_219' title='bbox 908 2693 963 2749; x_wconf 84' lang='lat' dir='ltr'>alii</span> <span class='ocrx_word' id='word_1_220' title='bbox 1002 2743 1003 2748; x_wconf 73' lang='grc'>,</span> 
     </span>
    </p>
   </div>
   <div class='ocr_carea' id='block_1_8' title="bbox 0 0 1015 3000">
    <p class='ocr_par' dir='ltr' id='par_1_9' title="bbox 0 0 1015 3000">
     <span class='ocr_line' id='line_1_31' title="bbox 0 0 1015 3000; baseline 0 0"><span class='ocrx_word' id='word_1_221' title='bbox 0 0 1015 3000; x_wconf 95' lang='lat' dir='ltr'> </span> 
     </span>
    </p>
   </div>
  </div>
 </body>
</html>
