2016 3028
111 177 161 234 tto
343 180 665 237 1usu1u1u1snou.
773 215 775 218 ,
1005 227 1006 248 ἦ

166 283 234 340 Car.
253 283 287 336 ll.
308 282 368 335 Post
381 259 477 335 multos
490 279 585 334 deinde
598 279 673 334 urbis
689 278 772 333 huius
786 294 861 352 reges
875 276 912 332 ad
1005 297 1006 304 ¹

111 366 273 430 postremum
288 355 409 410 Numitor
422 363 447 409 et
459 354 581 410 Amulius
591 371 672 428 reguo
680 353 836 425 potitisuat.
856 351 913 408 Sed
1005 357 1006 424 l

111 431 234 487 Amulius
255 447 341 503 quum
359 437 438 484 aetate
455 431 568 501 priorem
581 429 746 484 Numitorem
763 427 913 500 oppressis-

111 513 157 570 set,
180 505 262 570 liliam
278 505 335 559 eius
352 504 451 559 Rheam
465 505 493 560 in
505 512 657 576 perpetuam
672 503 859 577 virginitatem,
876 519 913 557 ne

111 580 173 652 quis
188 579 287 635 vindex
300 579 374 652 regni
388 595 467 634 sexus
477 578 562 634 virilis
572 597 605 634 ex
612 587 691 653 gente
699 577 844 634 Numitoris
855 577 912 632 ori·-

111 663 191 720 retur,
212 654 343 718 demersit,
359 653 446 708 addita
459 654 570 708 iniuriae
584 654 670 726 specie
683 653 798 718 honoris,
816 659 912 708 utnon
1005 657 1006 724 J

112 729 243 794 damnata,
264 729 310 783 sed
323 728 442 783 sacerdos
456 727 534 783 electa
551 729 693 784 videretur.
723 729 806 802 Igitur
819 727 913 782 clariss

112 806 140 860 in
154 803 214 860 luco
226 805 303 860 Marti
317 821 390 858 sacro
402 803 468 858 duos
478 820 581 875 pueros,
593 804 721 859 incertum
732 811 822 874 stupro
832 821 867 858 an
876 819 912 860 ex
1005 829 1006 852 3

112 881 192 934 Morte
206 887 350 951 conceptos,
362 879 440 933 enixa
449 887 494 933 est
527 877 585 945 Quo
593 879 697 953 cognito
706 878 830 934 Amulius
838 877 911 933 mul-

112 954 228 1026 tiplieato
243 962 314 1009 metu
330 961 458 1025 proventu
473 953 587 1008 duorum
601 971 696 1025 pucros
710 954 806 1025 exponi
820 953 906 1020 iubet3

112 1038 137 1083 et
150 1028 265 1102 puellam
280 1027 393 1083 vinculis
407 1035 504 1093 onerat,
518 1046 552 1082 ex
559 1045 675 1100 quorum
684 1028 782 1084 iniuria
790 1027 909 1082 decessit.

113 1103 164 1158 Sed
178 1105 292 1158 Fortuna
307 1103 403 1176 origini
417 1104 549 1158 Romanae
556 1103 718 1174 prospiciens
726 1119 822 1174 pueros
832 1102 911 1174 lupae

112 1177 219 1233 alendos
231 1176 338 1244 obtulit3
349 1195 418 1248 quae
427 1177 530 1232 amissis
540 1177 632 1232 catulis
641 1177 752 1233 distenta
764 1178 844 1232 ubera
854 1178 912 1232 exi-

112 1253 203 1306 nauita
213 1252 322 1323 cupiens
331 1252 460 1306 nutricem
470 1270 498 1307 se
508 1251 652 1308 infantibus
662 1252 789 1324 praebuit
818 1251 913 1318 Quum

112 1327 217 1398 saepius
236 1325 270 1380 ad
288 1325 421 1396 parvulos,
439 1327 525 1382 *veluti
546 1327 581 1382 ad
597 1327 705 1392 catulos,
730 1334 911 1392 revmteretrm
1005 1321 1006 1350 ³

112 1419 167 1456 rem
182 1400 324 1456 Faustulus
337 1411 424 1473 pastor
434 1401 617 1458 animadvertit
629 1403 828 1474 subtractooque
841 1399 913 1457 ierac

112 1477 179 1531 iuter
188 1493 281 1550 greges
289 1493 411 1548 pecorum
422 1476 517 1550 agresti
527 1477 579 1532 vita
588 1477 708 1532 nutrivit.
728 1477 834 1532 Martios
843 1493 913 1548 pue-
1005 1489 1006 1536 ξ

113 1550 255 1616 metuisse,
268 1552 324 1608 sive
332 1551 405 1624 quod
415 1552 443 1606 in
453 1551 513 1606 luco
520 1552 610 1607 Martis
618 1552 691 1607 enixi
700 1559 763 1607 suut
771 1551 828 1606 sire
837 1551 913 1623 quod

114 1645 129 1681 a
143 1627 215 1699 lupa,
227 1627 333 1699 quaein
346 1626 424 1681 tutela
434 1627 579 1691 Nartisest‚
596 1627 696 1690 nutriti,
713 1624 786 1681 velut
799 1624 914 1680 monite·
1005 1621 1006 1688 Ῠ

113 1702 161 1756 stis
176 1701 338 1776 argumentis
347 1701 484 1756 creditum.
504 1702 616 1756 Nomina
626 1702 723 1774 pueris,
735 1701 809 1755 alteri
818 1701 911 1764 Remo,
1005 1759 1006 1764 ἵ

113 1775 187 1830 alteri
201 1775 313 1831 Romulo
327 1775 408 1831 fruere.
440 1774 543 1835 Adultis
556 1776 623 1831 iuter
637 1784 752 1848 pastores
765 1775 800 1830 ds
813 1775 914 1830 virtute
1005 1807 1006 1854 p

114 1850 266 1922 quotidiana
285 1851 424 1906 certamina
447 1859 472 1906 et
486 1851 555 1905 vires
569 1860 593 1904 et
607 1851 783 1922 pernicitatem
803 1867 912 1904 auxere.
1005 1871 1006 1908 1

113 1925 197 1997 Igitur
215 1942 301 1996 quum
324 1923 435 1979 latrones
447 1943 462 1979 a
476 1925 566 1996 rapine
579 1943 703 1996 pecorum
717 1924 845 1980 industrie
859 1923 914 1978 lre-

113 2008 278 2072 quenterque
287 1999 481 2064 subnoovereut,
497 2001 595 2056 Remus
608 2000 642 2054 ab
656 1999 751 2054 iisdem
764 1997 912 2054 latronibus

113 2083 214 2146 coptos,
232 2073 313 2129 veluti
328 2074 384 2144 ipse
397 2082 464 2128 esset
477 2075 550 2146 quod
563 2075 590 2128 iu
607 2075 665 2129 aliis
679 2073 842 2146 prohibebat„
854 2075 912 2147 rogi

113 2149 231 2205 offertur:
246 2147 350 2204 crimini
365 2148 450 2214 datur,
462 2149 539 2220 quasi
549 2167 640 2222 greges
650 2149 794 2205 Numitoris
804 2147 912 2202 inlaeta-

114 2241 142 2278 re
157 2225 249 2280 solitus
259 2232 332 2279 esset.
362 2224 436 2278 Tunc
447 2241 462 2278 a
472 2241 532 2298 rega
541 2224 672 2279 Numitori
684 2224 712 2279 in
722 2223 848 2278 ultionum
858 2229 914 2277 ua-

113 2297 194 2354 ditur.
219 2298 270 2354 Sed
280 2297 401 2353 Numitor
409 2297 577 2354 adolescentia
588 2298 692 2354 iuvenis
705 2305 837 2372 permotus
847 2305 872 2352 st
882 2297 912 2352 in

114 2373 290 2444 suspicionem
314 2372 426 2444 expositi
450 2374 550 2444 nepotis
573 2372 712 2438 adductus,
738 2387 823 2446 quurc
847 2389 913 2426 eum

115 2463 187 2500 nunc
200 2446 416 2501 lineamentorum
428 2445 497 2502 filiae
506 2446 660 2514 similitudo,
671 2465 743 2503 nuuc
752 2455 820 2502 actas
829 2463 912 2518 expo·

114 2517 216 2572 sitionis
229 2519 391 2588 temporibus
405 2537 552 2594 congruens
560 2523 672 2578 anxium
682 2528 805 2587 tenerent,
817 2537 913 2593 repen·

114 2590 301 2670 teuFuuustulus
320 2608 381 2646 cum
401 2595 512 2650 Romulo
525 2597 689 2668 supervenit:
710 2613 793 2670 aquo
807 2595 912 2670 cognita
1005 2659 1006 2672 χ

110 2671 214 2727 origine
223 2681 373 2730 puerorum,
385 2665 450 2722 lacta
459 2671 656 2742 conspiratione,
668 2679 694 2726 et
702 2671 874 2728 adolescentes
884 2671 914 2726 in
1005 2707 1006 2750 1
