2014 3000
365 171 515 216 IUS'TINI
536 170 694 218 HISTOR.

159 267 232 306 rienes.
250 269 268 304 6.
278 272 296 305 7.
309 268 341 305 De
353 267 521 306 Atheniensibus.
538 271 557 306 8.
569 267 697 305 Pisistratus.
713 271 732 305 9.
742 266 831 316 Hippias
844 268 918 316 pulsus

158 332 230 368 Persas
244 331 334 368 adducit.
354 332 424 380 Pugna
437 330 574 368 Marathonia·
583 332 696 370 Miltiades.
712 335 743 368 lo.
756 330 837 368 Xerxes
852 331 916 368 erae-

161 393 211 430 eiam
221 392 307 430 invadit.
323 399 353 430 11,
363 393 464 430 Leonidas
474 395 499 430 ad
508 393 662 444 Thermopylas·
679 399 709 430 12.
719 394 789 442 Pugna
797 393 915 431 Salaminia.

159 461 190 495 13.
203 457 309 494 Persarum
321 457 375 506 fuga.
393 460 423 494 14.
436 457 506 504 Pugna
516 457 542 495 ad
549 458 648 496 Plataeas.
665 459 695 496 15.
708 453 765 496 Muri
778 457 916 494 Athenarum.

160 521 277 558 Pausanias.
295 519 404 559 Aristides.
421 520 500 558 Cimon.

170 635 244 700 Car.
266 648 287 700 I.
308 647 338 700 Iu
357 644 480 700 relatione
499 662 586 699 rerum
602 645 635 698 ab
648 643 755 718 Scythis
769 651 915 716 gestarum,

114 737 183 791 quae
201 720 263 774 satis
278 719 379 791 amplae
393 721 599 792 magnificaeque
613 719 732 783 luerunt,
753 719 915 789 principium

115 797 148 849 ab
162 795 263 868 origine
277 794 446 866 repetendum
463 803 510 848 est.
541 795 599 848 Non
613 794 684 848 enirn
697 793 787 847 minus
802 793 916 846 illustria

115 871 199 935 initia⁷
216 888 297 940 quam
312 869 463 940 imperium,
480 869 606 922 habuere:
629 885 676 922 nee
687 868 803 922 virorum
817 867 914 940 magis

115 962 196 1014 quam
211 943 382 1010 feminarum,
403 943 546 998 virtutibus
564 942 691 1006 claruere
713 942 812 1013 quippe
828 959 917 1013 quum

115 1019 166 1087 ipsi
180 1018 286 1071 Parthos
296 1017 506 1088 Bactrianosque,
517 1016 628 1071 feminae
638 1025 725 1071 autem
736 1033 826 1070 eorum
835 1019 918 1070 Ama-

115 1110 212 1146 zonum
227 1109 306 1164 regna
321 1091 497 1157 condiderint;
519 1109 627 1162 prorsus
645 1099 728 1145 utres
742 1099 828 1162 gestas
845 1091 918 1144 viro-

114 1184 175 1220 rum
195 1165 391 1237 mulierumque
404 1165 630 1220 considerantibus
644 1166 772 1219 incertum
787 1164 834 1229 sit,
858 1173 917 1218 uter

115 1241 186 1310 apud
200 1258 243 1294 eos
257 1257 337 1294 sexus
352 1240 478 1294 illustrior
488 1239 573 1294 luerit.
602 1240 760 1314 Scytharum
771 1256 837 1312 gens
848 1240 917 1293 auti-

115 1311 244 1386 quissima
262 1332 364 1386 semper
384 1315 486 1368 hahita:
508 1333 662 1385 quanquam
681 1314 748 1367 inter
762 1313 874 1386 Scythas
892 1321 918 1368 et

115 1390 258 1462 Aegyptios
268 1389 315 1442 diu
324 1389 453 1442 contentio
462 1389 494 1441 de
506 1389 609 1460 generis
621 1396 746 1442 vetustate
757 1386 847 1454 sueril3
865 1388 918 1442 Ae-

114 1465 213 1537 gyptiis
223 1463 445 1535 praedicantibus:
467 1467 543 1516 initio
551 1481 648 1527 rerum,
661 1481 740 1531 qrrum
750 1466 818 1516 oliae
830 1471 918 1516 terrae

114 1544 194 1594 nimio
204 1545 308 1609 ‘fervore
323 1542 385 1593 solis
396 1543 526 1600 arderent,
541 1541 610 1591 aliae
625 1542 738 1604 riperent
747 1541 855 1605 [ripario
865 1543 917 1590 im-

114 1620 247 1678 manitate,
263 1619 302 1667 iio
311 1623 339 1666 ut
349 1631 400 1666 non
409 1617 483 1666 modo
491 1616 593 1679 prirnm
602 1629 726 1680 yenerare
737 1615 860 1674 homines,
871 1617 917 1666 sed

115 1705 147 1741 ne
159 1692 272 1741 advenas
288 1692 389 1754 quidem
399 1691 513 1753 recipere
522 1703 553 1740 oc
566 1690 632 1740 tueri
638 1695 749 1753 possent,
759 1691 917 1754 priusquam

114 1765 239 1814 adversos
252 1764 363 1814 colorem
377 1764 417 1814 oel
429 1765 514 1829 sripus
527 1763 669 1814 velamento
683 1765 800 1826 corporis
814 1765 919 1814 inveni·

114 1843 213 1897 rentur,
228 1837 268 1888 vel
284 1837 397 1887 locorum
411 1839 477 1887 vitio
490 1839 614 1901 quaesitis
626 1843 683 1888 orte
696 1837 816 1888 recredita
829 1838 917 1891 molli-

113 1918 219 1976 renlur;
237 1908 379 1976 aeyyptum
394 1912 432 1961 ila
448 1916 614 1976 temperatam
624 1926 722 1976 semper
731 1913 819 1977 foisse,
830 1919 860 1962 ot
870 1927 917 1963 ne-

114 2001 163 2054 que
181 1987 287 2037 hiberno
305 1987 419 2051 fricare,
439 2000 484 2036 neo
504 1986 596 2036 aestivi
614 1986 676 2036 solie
690 1987 799 2036 ardores
815 1987 919 2038 incolas

114 2065 169 2113 eius
180 2066 339 2126 premerent;
358 2060 442 2110 solum
455 2061 494 2110 ito
507 2061 671 2125 foecundum,
691 2066 720 2110 ot
733 2060 918 2111 alimentorum

113 2139 142 2187 in
155 2152 229 2188 osum
243 2137 372 2186 hominum
384 2135 458 2185 nulla
470 2140 540 2184 terra
550 2136 664 2200 ferocior
672 2136 762 2200 suerit.
791 2133 854 2185 Iure
865 2137 921 2200 ipi-

115 2217 158 2262 ter
172 2213 209 2262 ihi
219 2213 333 2276 primam
342 2209 454 2260 homines
464 2215 538 2260 notos
547 2210 631 2260 videri
640 2209 736 2268 debere,
753 2209 798 2258 ubi
807 2211 921 2260 educam

113 2286 238 2350 facillime
244 2290 357 2349 possent.
383 2281 476 2334 Contra
487 2279 598 2352 Scythae
607 2279 670 2333 coeli
680 2287 917 2349 temperamentum

114 2355 220 2409 nullum
239 2373 295 2409 esse
310 2355 444 2409 vetustatis
458 2362 643 2427 argumentum
657 2354 798 2424 putabant:
821 2360 921 2424 qrtippe

113 2437 245 2491 naturam,
261 2447 339 2496 qaum
354 2435 468 2495 primum
482 2435 639 2484 incrementa
652 2432 749 2483 eoloris
763 2447 794 2483 oc
807 2435 921 2498 iriporis

113 2505 261 2567 replenitur
275 2506 405 2566 distinxit,
421 2507 510 2557 statim
519 2509 554 2557 od
566 2507 679 2557 locorum
689 2509 845 2570 patientiam
855 2511 919 2559 oni·
994 2559 995 2564 ,

93 2583 98 2592 ·
113 2575 195 2624 realia
210 2591 309 2641 qooqrre
321 2591 469 2642 peierasse:
489 2581 702 2632 rederariorum
712 2588 791 2647 atque
799 2584 920 2647 frocum,

110 2657 161 2705 pro
174 2651 307 2710 reqionum
317 2653 468 2713 conditione,
479 2661 539 2719 apte
548 2670 643 2720 neaera
651 2657 767 2708 cariem.
787 2653 822 2708 Et
832 2671 923 2722 quon-
