1998 3006
315 165 387 210 LIB.
408 165 490 210 XXII.
521 167 600 212 CAP.
622 169 659 213 if
780 203 786 212 ,
834 163 884 216 469

76 281 163 319 omnes
174 271 242 317 metu
253 269 353 319 enoidii
363 269 443 335 facile
452 271 488 320 ad
497 269 557 321 belii
566 271 714 321 societatem
722 272 883 336 perlroipos-

75 357 110 394 se.
131 339 220 393 Maius
230 344 313 408 ipitur
327 339 585 410 Cartbapiniensibus
594 345 627 396 ab
638 347 696 410 ipsa
705 342 882 412 Afrioaquam

0 480 1 483 Ἴ
76 431 110 468 ece
121 414 217 468 Sicilia
230 431 389 468 exarsurum
402 417 504 480 bellum,
519 422 672 486 ruituraque
685 421 882 473 auxiliaomni·

76 507 120 542 um
133 493 260 542 aduersus
274 507 353 543 unam
368 493 457 545 urbem
470 495 573 544 nomine
581 509 659 560 quum
671 496 762 560 opibus
770 497 882 562 amplio-

0 582 1 621 t
74 581 138 630 rem,
155 571 179 616 et
195 579 262 632 quus
277 581 329 617 non
343 567 461 618 attulerit
474 580 551 628 mres,
569 569 628 619 inde
640 575 796 621 sumturum.
827 570 882 625 Nee

74 643 104 692 in
120 641 255 706 repentino
269 633 410 692 Poenorum
419 647 486 692 metu
497 644 625 693 modicum
635 651 788 695 momentum
797 646 883 696 oieto-

0 720 1 755 3
73 718 132 767 riae
140 718 205 782 sore,
218 716 264 780 qui
274 719 348 767 tanta
357 717 472 767 audacia
482 715 592 768 bostium
599 719 717 781 perculsi
725 720 883 782 trepidaturi

73 789 134 841 sint.
164 787 309 841 Aeoesssrra
323 796 346 841 et
356 791 481 842 uillarum
491 793 621 851 incertia,
633 793 797 844 castellorum
807 795 882 844 urbi-

75 876 170 931 umque
189 866 380 916 contumacium
390 867 567 930 direptionem,
584 872 637 916 tum
646 867 730 930 ipsius
741 863 883 933 Cortbupi·

0 976 1 999 ;
73 943 116 990 nis
124 940 291 990 obsidionem.
323 936 421 1002 Quibus
431 941 548 992 omnibus
557 955 609 991 uon
618 941 669 991 sibi
680 947 780 992 tontum
790 944 818 992 in
828 943 882 994 ali·

0 1022 1 1063 ξ
74 1029 110 1074 os,
122 1015 168 1064 sed
178 1020 203 1064 et
212 1014 276 1064 aliis
287 1016 315 1064 in
325 1029 352 1064 se
360 1017 471 1065 sentient
478 1021 570 1080 patere
579 1015 653 1067 bella.
675 1014 881 1068 Hisnonsoium
964 1041 966 1045 ·

0 1146 1 1155 ἵ
74 1087 170 1140 Poenos
188 1089 269 1148 vinei,
283 1089 336 1139 'sed
350 1095 374 1138 et
386 1085 507 1140 Siciliam
525 1089 634 1142 liberari
644 1105 735 1155 posse:
754 1083 801 1142 neo
813 1094 881 1144 enim

0 1156 1 1227 i
73 1170 223 1214 moraturos
233 1165 261 1213 in
271 1163 327 1214 eius
335 1163 466 1214 obsidione
475 1165 566 1225 hostes,
580 1171 717 1230 quum'sua
727 1173 879 1232 urpeantur.

0 1246 1 1283 1
72 1235 211 1304 Nusquam
227 1239 310 1303 iqitur
324 1237 389 1290 alibi
401 1238 509 1304 facilius
523 1239 624 1300 bellum,
639 1241 684 1290 sed
697 1243 880 1306 naupraedam

71 1313 216 1363 uberiorem
232 1313 346 1362 inueniri
352 1325 441 1378 posse:
451 1327 513 1364 nom
524 1319 601 1378 eopia
615 1311 772 1382 Cartbapine
781 1329 882 1367 omnem

70 1385 190 1454 Africam
202 1383 372 1453 Sieiliamque
380 1388 527 1451 praemium
536 1389 664 1440 uictorum
672 1393 737 1456 [ore.
761 1388 880 1444 Gloriam

1 1517 2 1520 ,
71 1467 140 1513 oerte
156 1467 210 1512 tam
225 1461 345 1512 honestae
360 1462 470 1514 militiae
478 1468 578 1514 tontum
586 1465 616 1514 in
625 1477 698 1514 omne
706 1479 798 1516 aevum
806 1468 879 1531 sutu-

69 1551 137 1597 ram,
156 1542 186 1586 ut
197 1537 336 1588 terminari
344 1537 416 1588 nullo
429 1543 540 1600 tempore
550 1537 676 1588 obliuione
681 1541 779 1602 possit:
799 1545 828 1589 ut
837 1541 880 1590 ‹li-

70 1617 148 1662 eatur
159 1625 202 1662 eos
211 1612 279 1661 solos
288 1612 439 1662 mortalium
449 1625 510 1670 esse,
522 1615 568 1676 qui
578 1611 652 1672 bella,
665 1614 882 1678 quoedomiserre

69 1699 122 1737 non
140 1689 272 1760 poterant,
295 1687 331 1736 ad
349 1685 432 1737 bostes
451 1685 634 1736 transtulerint
643 1687 756 1752 uictique
768 1689 882 1739 viatores

70 1761 183 1812 imerali
196 1762 249 1812 sint
258 1766 281 1811 et
293 1761 436 1814 obsessores
444 1760 519 1812 urbis
529 1775 593 1828 suae
602 1761 756 1813 obsederint.
788 1759 881 1814 Omni-

70 1837 117 1887 bus
135 1837 219 1900 ipilur
238 1837 303 1901 [orti
323 1847 355 1886 ao
370 1835 438 1886 laeto
451 1838 540 1887 animo
555 1835 648 1887 bellum
661 1837 810 1897 ineundum,
827 1853 880 1903 quo

68 1910 172 1961 nullum
181 1910 256 1960 aliud
263 1912 347 1974 possit
355 1916 402 1962 aut
410 1912 706 1974 praemiumoietoribus
716 1913 822 1965 uberius
832 1920 879 1964 out

68 1987 146 2036 uictis
155 1991 346 2036 monumentum
358 1985 489 2036 illustrius
498 1987 571 2038 dare.

124 2055 196 2110 Cis.
217 2055 259 2110 vi.
281 2055 328 2108 His
342 2055 452 2127 quidem
467 2057 693 2112 adhortationibus
708 2058 791 2111 inimi
806 2057 877 2112 miti-

68 2138 126 2184 tum
141 2130 324 2204 erigebantur3
336 2131 382 2184 sod
397 2132 506 2186 terrebat
516 2149 560 2186 eos
570 2132 681 2203 portenti
692 2130 792 2204 religio,
805 2133 878 2202 quod

68 2206 259 2279 navigantibus
274 2205 312 2258 eis
329 2205 367 2259 sol
377 2205 512 2261 deiecerat.
544 2207 627 2262 Cuius
638 2206 673 2260 rei
686 2206 811 2260 rationem
825 2225 878 2262 non

68 2281 172 2335 minore
184 2297 247 2334 aura
258 2297 304 2334 rex
315 2297 396 2351 quam
406 2281 469 2336 belli
480 2280 603 2336 reddebat
613 2280 770 2335 adfirmans:
785 2286 810 2336 si
817 2288 880 2348 pri-

68 2373 100 2409 us
115 2375 196 2426 quam
207 2359 446 2424 proficiscerentur,
462 2362 561 2425 sactum
571 2365 644 2420 esset,
658 2359 818 2414 crediturum
828 2361 877 2410 oel-

68 2447 173 2484 uersum
184 2435 350 2500 profecturos
362 2436 512 2500 prodipium
522 2449 589 2485 esse:
611 2447 680 2485 nune
691 2435 754 2500 quio
768 2435 880 2500 opressis

67 2508 318 2568 oomdmil,illis.ad
328 2516 481 2574 quoseotur,
490 2509 652 2574 portendere.
673 2507 755 2560 Porro
764 2510 879 2573 desectus

66 2585 234 2634 naturalium
252 2583 368 2634 siderum
386 2598 485 2648 semper
502 2589 664 2648 praesentem
678 2597 767 2633 rerum
780 2585 878 2630 statum

65 2665 183 2724 muluro;
206 2663 354 2723 certumque
373 2673 426 2709 esse
449 2658 601 2722 florentibus
623 2651 880 2746 Cartbapiniensium
