2014 3000
325 207 396 252 LIB.
416 209 451 252 X.
482 208 563 254 cAP.
584 209 611 255 2.
839 207 871 258 83

68 305 234 362 matrimonio
249 305 373 377 suscepti,
392 307 496 372 Darius,
512 306 644 362 Ariarates
660 315 685 362 et
700 307 800 364 Ochus.
829 309 872 366 Ex

67 382 109 436 bis
117 381 226 436 Darium
238 388 326 434 contra
333 399 433 436 morem
443 383 590 448 Persarum,
602 382 674 454 apud
683 401 751 455 quos
761 401 808 438 rex
817 403 871 441 non

69 455 118 512 nisi
126 462 211 510 morto
220 463 347 520 mutatur,
354 473 400 528 per
409 456 602 530 indulgentiam
609 465 682 529 pater
691 476 781 532 regem
791 459 871 514 vivus

68 530 132 596 lecit,
144 529 214 585 nihil
224 531 278 584 sibi
288 530 403 586 ablatum
414 532 579 598 existimans,
592 532 665 604 quod
674 533 702 586 in
713 533 800 588 filium
809 551 872 590 con-

69 605 180 671 tulisset,
195 605 379 678 sinceriusque
392 607 522 680 gaudium
536 624 571 662 ex
590 609 766 678 procreatione
779 616 872 681 captu-

68 699 122 747 rus,
133 681 156 736 si
166 681 284 754 insignia
293 681 436 736 maiestatis
450 699 514 736 suae
524 681 604 736 vivus
614 681 642 735 in
654 681 709 736 filio
718 684 872 754 conspexis-

69 764 115 812 set.
138 755 190 810 Sed
200 755 294 812 Darius
303 762 363 828 post
372 773 441 812 nova
453 763 576 828 paternae
584 756 688 828 pietatis
698 757 819 828 exempla
829 757 872 811 in-

69 831 210 886 terficiendi
229 831 312 903 patris
326 831 467 886 consilium
482 831 563 902 cepit:
589 829 740 895 sceleratus,
757 833 780 884 si
798 830 871 886 solus

68 905 239 978 parricidium
249 907 399 979 cogitasset3
420 913 492 962 tanto
502 905 657 971 sceleratior,
669 905 742 977 quod
752 905 779 960 in
790 906 873 960 socie-

70 989 145 1036 tatem
155 979 278 1035 facinoris
289 981 424 1036 adsumtos
434 981 631 1054 quinquaginta
641 979 733 1035 fratres
742 979 802 1035 lecit
810 999 873 1052 par-

68 1055 172 1110 ricidas.
194 1054 295 1111 Ostenti
303 1073 413 1127 prorsus
423 1074 517 1130 genus,
531 1055 578 1110 ubi
588 1057 615 1110 in
628 1063 698 1110 tanto
707 1056 806 1128 populo
819 1073 872 1110 non

68 1131 154 1186 solum
164 1131 368 1196 sociari‚uerum
378 1131 457 1185 etiam
466 1131 538 1185 sileri
545 1130 717 1202 parricidium
728 1131 827 1202 potuit,
841 1137 873 1185 ut

68 1224 100 1261 ax
110 1206 305 1278 quinquaginta
315 1205 405 1261 liberis
415 1223 493 1261 namo
503 1205 627 1262 inventus
637 1206 873 1277 sitquemautpa-

67 1291 139 1335 terna
148 1280 270 1336 maiestas
280 1289 325 1336 aut
334 1281 546 1336 veneratIoseuis
561 1289 606 1336 aut
616 1279 780 1354 indulgentia
789 1281 872 1352 patris

67 1363 170 1411 atauta
189 1356 351 1410 immanitate
370 1363 511 1412 revocaret.
539 1355 646 1411 Adeone
660 1355 713 1410 vile
731 1363 872 1427 paternum

66 1448 164 1486 nomen
175 1431 246 1502 apud
257 1437 292 1484 tot
302 1449 412 1486 numero
421 1431 489 1487 filios
499 1430 558 1497 tuit,
570 1438 609 1496 ut,
617 1448 732 1502 quorum
742 1429 873 1501 praesidio

67 1514 141 1560 tutus
151 1506 230 1560 etiam
241 1506 368 1562 adversus
378 1507 465 1562 hostes
480 1524 537 1560 esse
546 1505 684 1569 debuerat,
705 1521 796 1558 eorum
806 1503 874 1556 insi·

65 1581 118 1635 diis
139 1581 337 1636 circumventus
356 1582 435 1637 tutior
454 1581 488 1635 ab
510 1580 632 1634 hostibus
659 1596 741 1650 quarn
768 1596 783 1631 a
809 1576 872 1630 filiis

65 1655 162 1710 fucrit?
433 1665 436 1670 “

121 1730 191 1785 Cur.
212 1731 246 1784 ll.
269 1729 353 1784 Causa
363 1729 498 1800 parricidii
507 1727 653 1782 sceleratior
665 1727 724 1798 ipso
732 1725 873 1797 parricidio

64 1803 127 1858 luit:
149 1804 236 1859 occiso
254 1804 354 1876 quippe
374 1804 443 1877 Cyro
464 1803 577 1858 fraterno
590 1801 667 1866 bello,
683 1801 759 1855 cuius
773 1802 873 1856 mentio

65 1897 147 1950 supra
157 1879 248 1934 habita
260 1886 308 1942 est,
319 1879 468 1949 Aspasiam
483 1877 604 1950 pellicem
613 1877 679 1942 eius¹
693 1894 739 1930 rex
749 1875 873 1932 Artaxer-

64 1971 112 2008 xes
126 1954 155 2008 in
176 1953 377 2008 matrimonium
397 1961 533 2024 receperat.
569 1953 642 2006 Hanc
659 1960 761 2025 patrem
783 1952 873 2006 redere

64 2027 213 2093 sibi,sicuti
223 2045 346 2100 regnum,
358 2029 453 2082 Darius
462 2026 651 2098 postulaverat:
667 2027 715 2098 qui
724 2043 772 2097 pro
782 2025 873 2080 indul-

63 2104 153 2175 gentia
170 2121 219 2158 sua
234 2103 262 2156 in
277 2102 373 2156 liberos
386 2103 473 2172 primo
486 2102 618 2156 facturum
632 2101 787 2168 sedixerat,
809 2117 873 2154 mox

63 2178 224 2246 poenitentia
235 2177 340 2242 ductus,
347 2184 377 2230 ut
386 2176 492 2231 honeste
501 2184 615 2249 negaret,
626 2174 699 2246 quod
708 2183 804 2227 temera
812 2191 874 2244 pro-

64 2253 182 2317 miserat,
194 2251 264 2306 Solis
274 2269 332 2306 eam
342 2252 485 2306 sacerdotio
494 2250 624 2323 praefecit,
635 2267 689 2322 quo
698 2255 823 2320 perpetua
833 2247 873 2302 illi

64 2325 96 2379 ab
110 2327 240 2382 omnibus
251 2327 317 2382 viris
330 2326 456 2398 pudicitia
468 2327 656 2398 imperabatur.
687 2325 754 2378 Hinc
768 2341 873 2378 exacer-

64 2399 142 2455 batus
158 2402 265 2457 iuvenis
280 2402 308 2455 in
323 2402 410 2474 iurgia
423 2402 510 2472 primo
518 2401 599 2472 patris
612 2399 711 2470 erupit;
733 2417 796 2454 mox
807 2398 873 2452 lacta

63 2491 124 2529 cum
136 2475 264 2531 lratribus
269 2477 456 2541 coniuratione,
463 2476 530 2530 dum
540 2476 607 2547 patri
618 2474 728 2530 insidias
738 2481 820 2545 parat,
828 2472 874 2524 de-

61 2550 213 2617 prehensus
233 2570 296 2606 cum
316 2552 394 2605 sociis
414 2569 510 2621 poenas
529 2549 663 2620 parricidii
680 2549 732 2603 diis
751 2555 874 2618 paternae

61 2622 210 2680 maiestatis
226 2626 358 2681 ultoribus
372 2626 453 2680 dedit.
484 2624 616 2698 Coniuges
631 2641 738 2696 quoque
751 2618 872 2674 omnium

60 2714 128 2753 cum
142 2699 243 2772 liberis,
262 2720 296 2758 ne
310 2701 383 2774 quod
397 2699 540 2772 vestigium
554 2698 619 2753 tanti
632 2697 736 2752 sceleris
751 2693 870 2749 exstaret,

656 2788 707 2840 Fu
