1998 3006
118 157 168 211 tls
333 161 483 210 1UsT1u1
500 163 658 212 ursuorr.

115 262 232 334 Apollini
261 261 416 316 Cirrhaeum
444 281 568 334 campum
591 240 715 334 pervim
738 271 925 334 occupassent.

116 336 183 392 Huic
197 335 266 390 bello
279 336 373 390 ducem
387 336 508 410 deligunt
521 337 614 402 Arcen,
632 338 679 410 qui
693 337 809 392 adunato
819 339 923 392 exemi-

116 419 144 465 tu
158 411 237 464 urbes
247 414 355 482 setaque
365 411 392 466 in
404 412 554 484 hiscampis
563 411 841 484 pcsitadepcpulatur3
851 430 924 484 quae
982 473 983 478 ,

116 485 212 540 enimi
223 501 275 539 non
286 493 411 556 poterant,
425 486 549 542 incendit.
571 487 647 553 Quod
657 505 742 558 quum
756 488 924 542 ementibus
982 491 983 502 ¹

115 561 257 632 conspicati
271 555 419 617 Aetolorum
435 570 549 633 pastores
560 561 653 626 essent,
665 561 816 634 congregati
826 561 923 616 admo-
982 571 983 592 i

115 635 181 690 dum
200 636 339 708 quingenti
359 653 462 707 sperscs
482 637 567 691 hostes
587 636 799 709 ignorantesque,
817 644 921 707 quanta

116 725 213 764 manus
225 719 299 777 esset,
316 712 442 782 quoniam
456 719 623 783 conspectum
635 711 687 765 illis
698 719 783 764 metus
794 718 819 764 et
827 711 921 764 incen-
982 705 983 752 l

116 786 222 840 diorum
241 785 332 840 sumus
352 786 499 850 abstulerat,
517 793 707 846 consectantur,
727 784 922 856 trucidatisque
982 791 983 810 ³

116 861 260 916 admodum
281 878 374 914 novem
394 860 512 928 millibus
528 860 672 932 praedones
685 860 715 914 in·
726 858 819 932 fugam
834 868 921 914 verte-
982 877 983 882 ¹

116 943 188 989 runt.
222 936 413 1005 Reparantibus
433 935 527 988 deinde
544 934 679 1006 Spartanis
697 933 797 988 bellum
817 933 920 988 auxili·
982 959 983 966 ¹

116 1027 163 1063 um
181 1008 280 1064 multae
295 1010 411 1064 civitates
425 1017 595 1082 negaverunt,
606 1009 784 1063 existimantes
795 1008 920 1064 domina-
982 1045 983 1064 r

114 1084 213 1136 tionem
227 1101 280 1146 eos,
298 1101 349 1137 non
365 1084 508 1138 libertatem
520 1084 641 1139 Graeciae
651 1099 787 1155 quaerere.
815 1085 919 1138 interea

115 1159 270 1230 interreges
285 1157 384 1210 bellum
400 1159 505 1214 finitur:
526 1177 587 1213 nam
598 1158 760 1213 Ptolemaeus
770 1156 850 1228 pulso
864 1159 921 1212 An·
982 1199 983 1202 ,

114 1233 204 1304 tigano
217 1249 303 1303 quum
316 1247 428 1304 regnum
438 1235 518 1288 totius
528 1233 859 1303 Macedoniaecccupasset,
872 1251 921 1304 pa-
982 1255 983 1304 3

114 1323 171 1360 cem
190 1323 252 1359 cum
270 1306 398 1360 Antiocho
411 1307 484 1375 lacit3
510 1307 724 1379 adfinitatemque
738 1325 800 1361 cum
815 1308 921 1381 Pyrrho

115 1397 184 1454 rege,
201 1380 260 1434 data
271 1381 294 1434 ei
306 1381 333 1435 in
344 1381 542 1437 matrimonium
554 1382 606 1436 filia
617 1401 674 1446 sua,
688 1382 783 1454 iungit.

170 1455 239 1512 Cor.
261 1456 294 1510 ΙΙ.
314 1456 418 1511 Exinde
430 1465 537 1510 externo
553 1463 625 1510 metu
641 1457 757 1528 deposito
767 1455 885 1526 impium
895 1466 922 1510 et

115 1529 293 1586 facinorosum
312 1531 432 1586 animum
451 1531 486 1586 ad
503 1531 643 1586 domestice
662 1530 758 1586 scelera
777 1531 920 1595 convertit,

116 1607 281 1678 insidiasque
290 1605 415 1661 Arsinoae
426 1606 508 1661 sorori
518 1623 581 1660 suae
591 1605 706 1671 instruit,
717 1605 817 1676 quibus
827 1612 854 1658 et
868 1605 922 1658 fili-

116 1698 145 1734 cs
155 1681 212 1735 eius
226 1681 279 1734 vita
290 1689 314 1735 et
320 1681 406 1752 ipsam
417 1679 592 1736 Cassandreae
602 1681 676 1734 urbis
686 1679 852 1751 possessione
864 1680 923 1751 pri-

116 1763 196 1809 varet.
217 1755 323 1808 Primus
332 1756 355 1808 ei
366 1755 443 1811 dolus
453 1755 510 1822 luit,
523 1755 646 1810 simulato
652 1771 747 1818 amore,
757 1754 923 1809 sororisma-

113 1829 271 1884 trimonium
285 1837 384 1899 petere:
405 1830 479 1884 aliter
496 1830 567 1884 enim
589 1829 622 1884 ad
637 1830 732 1884 sororis
747 1827 824 1893 filios,
851 1845 924 1902 quo·

117 1919 177 1956 rum
191 1919 303 1974 regnum
314 1912 493 1974 occupaverat,
506 1921 588 1976 quam
597 1903 748 1958 concordiae
756 1902 850 1958 [raude
860 1922 922 1976 per-

118 1977 207 2032 venire
225 1994 278 2031 non
296 1985 401 2048 poterat.
432 1979 484 2033 Sed
498 1987 557 2034 nota
577 1979 698 2032 scelerata
717 1977 858 2032 Ptolemaei
875 1997 922 2034 vo-

117 2053 205 2108 luntas
224 2053 305 2107 sorori
319 2061 382 2107 erat.
415 2055 506 2126 ltaque
523 2071 574 2108 non
589 2053 702 2107 credenti
717 2051 833 2117 mandat,
855 2057 925 2108 celle

116 2147 144 2184 se
161 2147 218 2184 eum
232 2132 441 2202 {iliiaeinsreqni
452 2133 608 2183 consortium
617 2133 736 2197 inopere;
756 2145 814 2180 eum
825 2131 926 2196 quibus

117 2221 169 2258 non
183 2210 240 2259 ideo
253 2222 280 2258 se
293 2209 376 2260 arants
390 2209 555 2266 contendisse,
571 2207 693 2272 queniam
707 2207 807 2269 eripere
821 2206 865 2258 liis
879 2221 924 2258 re-

118 2295 204 2346 pnum,
224 2284 269 2332 sed
289 2284 402 2348 quodid
423 2285 510 2348 fucere
528 2284 571 2333 eui
586 2282 701 2332 mundis
714 2279 798 2331 vellet.
829 2277 864 2331 In
876 2281 927 2332 lroc
982 2299 983 2368 q

117 2356 228 2404 mitteret
242 2355 372 2407 arbitrum
385 2357 569 2416 inrinarondi,
585 2370 636 2422 quc
643 2359 778 2420 praesente
791 2356 868 2418 apud
877 2357 926 2406 ‹le-
982 2379 983 2424 j

118 2439 145 2474 cs
164 2429 275 2488 patries,
300 2431 393 2492 quibus
410 2431 485 2482 veltet
500 2430 725 2490 obsecrationibus,
740 2443 768 2480 se
782 2429 923 2495 obliquent.
982 2445 983 2490 1

117 2494 215 2578 Incerta
231 2496 342 2550 Arsinoe
354 2500 420 2570 quid
436 2509 536 2572 ageret,
556 2502 579 2554 si
594 2501 714 2564 mitteret,
730 2499 815 2570 decipi
831 2501 926 2571 periu-

118 2581 169 2644 rio,
191 2585 213 2619 si
228 2584 280 2620 non
294 2570 414 2635 mitteret,
427 2591 567 2642 provocare
578 2575 677 2629 rabiem
689 2574 818 2628 fraternae
827 2575 929 2630 crude·
982 2603 983 2638 3

118 2631 196 2688 litatis
212 2640 326 2694 timebat.
360 2645 451 2714 ltaque
464 2647 527 2716 plus
541 2647 631 2704 liberis
648 2667 730 2721 quem
743 2649 796 2703 sibi
815 2650 929 2713 timens,
