2014 3000
335 489 648 562 rusrrur

116 611 835 762 mismonrau

450 795 508 839 Ex

261 918 428 976 TROGO
465 920 696 977 POMPEIO.

390 1071 572 1083 ——tu—-v--n

178 1228 502 1290 PRAEFATIO
537 1231 774 1290 IUSTlNl.

385 1381 571 1389 *-

133 1469 232 1544 Quum
242 1478 320 1533 multi
332 1497 366 1534 ex
376 1479 510 1546 Romanis,
523 1479 600 1535 etiam
610 1479 757 1534 consularis
767 1481 885 1553 dignita—

75 1556 110 1609 tis
125 1555 187 1618 viri,
206 1571 248 1608 res
262 1555 393 1609 Romanas
407 1555 505 1610 Graeco
520 1555 844 1626 peregrinoque-sermone
854 1555 883 1608 in

76 1629 215 1684 historiam
235 1629 419 1683 eontulissent:
441 1629 498 1684 sive
511 1629 685 1682 aemulatione
699 1627 810 1702 gloriae,
826 1629 883 1682 sive

77 1705 201 1758 varietate
216 1710 241 1758 et
255 1704 368 1758 novitate
383 1705 469 1774 operis
484 1703 639 1769 delectatus,
657 1703 698 1757 vir
717 1704 817 1775 priscae
829 1703 883 1758 eio-

76 1780 201 1850 quentiae
222 1779 324 1851 Trogus
344 1780 484 1850 Pompeius
500 1779 610 1833 Graecas
625 1788 650 1832 et
665 1780 743 1834 totius
761 1779 881 1834 historias

75 1853 150 1906 orbis
174 1853 268 1906 Latino
289 1871 410 1924 sermone
433 1855 591 1924 composuit:
622 1864 664 1918 ut,
689 1871 774 1924 quum
795 1862 881 1906 nostra

77 1927 190 1992 Graece,
217 1927 314 1981 Graeca
339 1945 446 1999 quoque
466 1938 552 1982 nostra
576 1921 666 2000 lingua
690 1927 740 2000 legi
760 1935 879 1998 possent:

77 2019 187 2073 prorsus
198 2019 253 2054 rem
265 2003 355 2074 magni
366 2010 390 2055 et
399 2003 480 2056 animi
491 2005 609 2076 etoperis
624 2019 775 2075 aggressus.
814 2005 882 2055 Nam

75 2095 164 2148 quom
175 2075 310 2148 plerisque
323 2077 483 2140 auctoribus,
499 2077 665 2151 singulorum
679 2093 772 2149 regum
784 2076 824 2129 vel
836 2093 884 2146 po-

77 2151 204 2223 pulorum
215 2169 257 2204 res
266 2158 352 2224 gestas
362 2151 619 2222 scribentibuS,opus
631 2169 710 2205 suum
722 2150 797 2204 ardui
811 2150 884 2204 labo-

77 2227 115 2279 ris
131 2225 266 2280 videatur:
288 2243 376 2280 norme
389 2227 465 2280 nobis
480 2227 619 2296 Pompeius
634 2223 758 2279 Herculea
774 2225 883 2279 audacia

76 2301 170 2354 orbem
190 2308 318 2354 terrarum
337 2319 479 2374 aggressus
497 2301 579 2355 videri
600 2301 689 2363 debet,
711 2299 788 2353 euius
809 2298 884 2352 libris

75 2376 200 2430 omnium
215 2375 378 2439 soculorum,
394 2393 500 2448 regum,
518 2377 654 2429 nationum
671 2373 884 2445 populorumque

77 2467 120 2504 res
140 2459 228 2522 gestae
246 2451 432 2506 continentur?
453 2458 478 2504 et
495 2467 563 2521 quae
582 2449 696 2501 historici
712 2448 882 2506 Graecorum,

79 2533 158 2595 prout
167 2524 338 2579 commodum
349 2525 447 2596 cuique
457 2523 513 2586 fuit,
524 2524 591 2576 inter
603 2539 632 2574 se
641 2520 797 2593 segregatim
808 2534 887 2570 oocu-

78 2607 224 2668 paverurrt3
236 2599 417 2670 omissisquae
427 2597 575 2651 sinefruotu
585 2603 667 2657 erant,
675 2612 704 2646 ea
715 2591 887 2645 omniaPom·

78 2675 156 2744 peius
171 2673 258 2727 divisa
273 2673 436 2745 temporibus
450 2679 474 2725 et
489 2670 554 2724 serie
565 2686 653 2723 rerum
667 2666 767 2735 digesta
782 2673 889 2724 compo-

118 2767 239 2821 [usurus.
699 2751 723 2804 Α
