2014 3000
364 205 436 250 LIB.
456 206 478 249 Ι.
508 205 587 251 CAP.
609 205 635 250 2.
885 202 900 252 3

94 303 201 374 primus
217 301 307 356 intulit
321 303 389 358 bella
405 304 537 368 finitimis,
555 313 580 358 et
593 305 672 359 rudes
687 305 774 359 adbuc
786 303 819 358 ad
836 305 901 358 resi-

96 376 221 432 stendum
235 377 347 448 populos
381 378 505 432 terminos
520 395 606 451 usque
625 380 724 453 Libyae
739 379 899 450 perdomuit.

95 453 183 506 Fuere
195 452 305 522 quidem
318 454 479 524 temporibus
494 454 664 525 antiquiores,
678 454 803 508 Sesostris
812 452 901 526 Aegy-

94 526 144 598 pti,
160 533 185 580 et
199 525 321 599 Scythiae
335 545 382 582 rex
390 529 507 595 Tanaus;
530 546 644 599 quorum
661 527 724 583 alter
737 529 764 583 in
775 529 899 593 Pontum,

96 601 161 656 alter
180 618 268 671 usque
286 601 436 674 Aegyptum
450 604 570 656 excessit.
601 603 652 657 Sed
671 595 829 675 longinqua]
847 619 900 656 non

96 675 295 739 finitima,bella
305 677 442 749 gerebant3
460 693 507 730 nec
516 677 658 748 imperium
669 678 729 741 sibi,
738 677 783 730 sed
794 676 900 746 populis

7 771 12 782 ·
96 751 154 804 suis
164 749 277 822 gloriam
292 751 464 822 quaerebant,
486 751 653 822 contentique
662 751 778 814 victoria,
791 752 902 820 imperio

97 824 274 880 abstinebant.
309 825 396 879 Ninus
407 825 618 897 magnitudinem
633 825 766 896 quaesitae
779 824 902 878 domina-

95 899 177 952 tionis
200 898 324 954 continua
343 901 508 970 possessione
528 899 652 954 firmavit.
686 898 797 953 Domitis
819 899 902 973 igitur

95 973 237 1045 proximis
245 991 330 1044 quum
341 974 487 1028 accessione
492 974 591 1028 virium
601 973 690 1028 fortior
699 973 732 1029 ad
741 973 806 1028 alios
816 981 903 1027 trans-

96 1048 155 1112 iret,
163 1055 188 1100 et
196 1047 318 1118 proxima
328 1049 561 1120 quaequevictoria
571 1049 777 1102 instrumentum
788 1066 903 1119 sequen-

97 1122 132 1176 tis
147 1136 224 1187 esset,
241 1122 320 1176 totius
337 1121 451 1176 Orientis
464 1123 576 1194 populos
591 1124 705 1196 subegit.
737 1125 901 1178 Postremum

97 1196 138 1251 illi
149 1196 249 1250 bellum
264 1213 325 1251 cum
339 1199 480 1261 Zoroastre,
494 1215 554 1270 rege
562 1199 768 1272 Bactrianorum,
781 1197 839 1262 fuit,
852 1197 901 1268 qui

95 1271 203 1343 primus
213 1270 310 1326 dicitur
324 1279 391 1326 artes
401 1272 517 1344 magicas
528 1273 670 1337 invenisse,
685 1279 710 1326 et
722 1271 818 1326 mundi
827 1272 903 1342 prin-

96 1345 168 1416 cipia
181 1345 354 1416 siderumque
368 1354 456 1400 motus
469 1347 671 1420 diligentissime
684 1354 824 1418 spectasse.
848 1347 903 1399 Hoo

95 1420 184 1475 occiso
201 1428 227 1474 et
245 1421 301 1490 ipse
321 1420 443 1486 decessit,
469 1421 558 1476 relicto
582 1421 720 1493 impubere
738 1421 826 1475 adhuc
848 1419 903 1474 filio

95 1495 196 1568 Ninya,
208 1502 233 1548 et
242 1513 323 1549 uxore
333 1495 516 1551 Semiramide.

153 1569 223 1623 Cir.
231 1570 264 1624 Il.
277 1571 345 1623 llaec
355 1587 402 1624 nec
411 1570 553 1624 immaturo
563 1587 628 1624 ausa
637 1569 737 1624 tradere
748 1567 900 1638 imperium,

97 1659 147 1698 neo
161 1643 219 1714 ipsa
233 1643 321 1715 palam
335 1651 452 1709 tractare,
469 1651 506 1698 tot
516 1661 547 1697 ac
555 1644 634 1698 tantis
643 1643 767 1715 gentibus
779 1643 826 1698 vix
836 1643 904 1713 pati-

97 1726 170 1772 enter
190 1719 238 1772 uni
257 1718 324 1783 viro,
345 1718 444 1772 nedum
463 1717 585 1782 feminae,
602 1717 736 1788 parituris,
753 1717 861 1772 simulat
875 1735 904 1771 se

96 1810 145 1864 pro
154 1811 238 1848 uxore
248 1793 311 1846 Nini
322 1792 417 1857 filium,
430 1810 478 1864 pro
487 1791 584 1846 femina
595 1809 718 1863 puerum.
739 1793 807 1846 Nam
817 1799 842 1846 et
851 1799 904 1846 sta-

96 1875 155 1922 tura
163 1865 272 1939 utrique
280 1866 427 1932 mediocris,
442 1875 467 1921 et
481 1868 643 1938 voxpariter
655 1865 771 1940 gracilis,
784 1875 809 1920 et
821 1866 904 1920 linea·

96 1949 248 1995 mentorum
258 1940 372 2012 qualitas
384 1942 460 1994 matri
471 1959 501 1996 ac
512 1941 566 1995 filio
576 1942 683 1996 similis.
704 1943 787 2015 Igitur
795 1941 904 1996 brachia

97 2033 214 2070 accrura
231 2015 393 2080 velamentis,
409 2023 487 2086 caput
497 2017 560 2070 tiara
573 2017 647 2090 tegit:
669 2024 736 2070 etne
748 2016 905 2070 novobabi-

96 2098 125 2146 tu
135 2089 240 2161 aliquid
250 2090 379 2144 occultare
386 2090 524 2156 videretur,
532 2091 622 2146 eodem
633 2099 726 2146 ornatu
737 2097 762 2144 et
773 2090 904 2161 populum

97 2166 189 2221 vestiri
202 2165 289 2219 iubet:
304 2183 385 2236 quem
395 2183 495 2220 morem
505 2167 586 2221 vestis
596 2166 692 2220 exinde
702 2183 768 2238 gens
779 2165 904 2220 universa

95 2248 174 2295 tenet.
197 2239 241 2294 Sic
250 2239 345 2310 primis
355 2240 437 2293 initiis
448 2259 542 2295 sexum
553 2242 670 2305 mentita,
678 2258 743 2310 puer
754 2257 810 2293 esse
820 2240 905 2294 credi-

95 2323 119 2369 ta
129 2323 179 2369 est.
211 2315 321 2386 Magnas
332 2313 426 2368 deinde
435 2333 475 2368 res
485 2316 579 2388 gessit:
600 2311 716 2387 quarum
730 2314 905 2386 amplitudine

97 2390 143 2444 ubi
154 2388 285 2442 invidiam
296 2397 444 2459 superatam
455 2397 537 2460 putat,
549 2408 618 2461 quae
628 2390 662 2444 sit
672 2390 774 2454 fatetur,
791 2407 905 2460 quemve

95 2463 260 2520 simulasset.
293 2465 347 2517 Nec
361 2464 411 2517 hoc
425 2463 464 2516 illi
479 2465 634 2536 dignitatem
649 2464 725 2536 regni
739 2465 845 2527 ademit,
859 2462 905 2515 sed

95 2538 298 2593 admirationem
315 2539 402 2602 auxit,
419 2538 492 2610 quod
509 2539 605 2592 mulier
625 2556 677 2593 non
696 2537 807 2591 seminas
826 2534 905 2588 modo

97 2614 203 2677 virtute,
216 2612 350 2666 sedetiam
363 2613 432 2668 viros
443 2608 560 2667 anteiret.
582 2615 649 2667 Haec
659 2610 832 2683 Babyloniam
843 2623 906 2661 con-

96 2687 172 2755 didit,
189 2705 355 2762 murumque
368 2688 429 2743 urbi
444 2695 514 2744 cocto
527 2687 605 2742 latere
615 2683 797 2746 circumdedit,
813 2694 905 2734 arenae

686 2774 738 2829 Aa
