2044 3028
141 167 191 222 232
378 174 528 220 lUSTINI
545 175 703 222 ulerult.

59 284 61 294 ¹
140 271 228 328 oidiali
242 290 343 328 veneno
357 272 472 328 necavit:
493 291 580 329 unum
594 272 736 344 parvulum
750 271 841 327 sceleri
850 275 934 328 matris
996 279 997 318 ἲ

140 354 311 420 cognatorum
328 347 446 402 custodia
459 348 565 419 eripuit,
582 348 628 420 qui
641 355 701 419 post
714 365 803 402 neoem
814 347 934 402 Laodices
996 339 997 390 Ῐ

141 421 212 493 (nam
226 429 331 492 propter
341 421 520 477 crudelitatem
530 441 587 478 eam
599 421 713 493 populus
723 421 887 495 exstinxerat)
895 441 934 478 se

105 549 107 565 q
141 495 183 550 lus
207 513 288 568 regno
312 497 409 567 potitus
419 503 466 550 est.
500 497 663 552 Mithridates
682 513 789 568 quoque
807 497 934 568 repentina

140 577 223 624 morte
236 571 394 643 interceptus
412 570 508 636 filium,
524 572 572 643 qui
585 579 610 626 et
619 571 676 642 ipse
684 570 845 626 Mithridates
854 570 935 626 dictus

140 653 188 710 est,
203 644 322 718 reliquit:
339 645 416 700 cuius
425 663 454 700 ea
464 653 553 716 postea,
562 645 716 720 magnitudo
725 644 783 710 tuit,
795 653 825 700 nt
834 663 885 700 non
894 646 936 700 sui

141 727 244 775 tantum
261 720 394 792 temporis,
408 737 500 775 verum
511 721 589 775 etiam
599 721 742 792 superioris
751 721 839 776 aeteus
848 736 936 776 omnes

140 813 215 869 reges
227 795 365 850 maiestate
377 795 540 866 superaverit
555 795 676 868 bellaque
690 812 752 850 eum
760 795 883 850 Romanis
892 813 937 867 per

141 869 314 942 quadraginta
333 887 381 924 sex
399 886 481 924 annos
497 870 570 932 varia
586 870 693 926 victoria
707 870 828 944 gesserit:
852 887 938 941 quum

140 963 203 1000 eum
220 944 319 999 summi
333 944 509 1016 imperatores,
526 943 608 1018 Sylla,
624 945 752 1000 Lucullus
761 944 897 1016 ceterique,
908 944 938 999 in
996 983 997 986 η

141 1037 247 1074 summa
261 1018 348 1074 Cneus
361 1019 511 1090 Pompeius,
522 1019 564 1073 'ita
575 1018 693 1085 vicerint,
706 1029 735 1076 ut
743 1019 826 1074 maior
834 1017 940 1073 clarior-

140 1095 232 1166 quein
246 1093 414 1148 restaurando
423 1091 492 1148 bello
502 1101 647 1166 resurgeret
656 1093 814 1166 damnisque
822 1092 880 1148 suis
888 1100 940 1147 ter-

139 1167 242 1222 ribilior
251 1167 411 1222 redderetur.
435 1169 554 1241 Denique
566 1167 600 1223 ad
613 1176 775 1240 postremum
790 1185 842 1224 non
853 1168 882 1222 vi
891 1167 941 1222 ho-

140 1241 194 1296 stili
207 1241 302 1306 victus,
320 1241 366 1295 sed
379 1241 527 1298 voluntaria
543 1250 625 1298 morte
640 1243 668 1298 in
686 1243 755 1300 avito
768 1260 851 1316 regno
861 1259 942 1298 senex

139 1314 234 1371 herede
243 1315 297 1370 tilio
307 1315 426 1371 decessit.

195 1389 265 1447 Cer.
285 1393 316 1445 H.
336 1391 423 1446 Hnius
437 1390 553 1447 futuram
567 1391 778 1465 magnitudinem
795 1391 876 1446 etiarn
886 1408 944 1447 oce-

141 1464 215 1520 lestia
225 1473 325 1520 ostento
334 1466 527 1538 praedixerant.
557 1467 625 1521 Nem
634 1473 660 1520 et
669 1483 722 1538 quo
730 1465 837 1538 genitus
846 1472 888 1522 est
897 1484 944 1520 an-

140 1558 175 1595 no
188 1547 212 1595 et
222 1558 261 1606 eo,
273 1558 327 1614 quo
336 1558 445 1615 regnare
457 1540 575 1612 primum
585 1541 676 1612 coepit,
691 1540 764 1594 stella
773 1549 889 1594 nemetes
899 1557 945 1612 per

140 1624 284 1688 utrumqne
300 1624 404 1687 tempus
417 1615 582 1688 septuaginta
596 1615 690 1670 rhehus
705 1615 740 1669 ita
753 1614 833 1680 luxit,
847 1623 878 1668 nt
888 1632 944 1670 coe-

139 1765 182 1820 sui
195 1772 317 1838 quartam
331 1773 430 1838 partem
444 1764 508 1820 coeli
522 1772 692 1837 occupaverat
701 1771 726 1819 et
734 1762 838 1838 fulgere
846 1764 894 1818 sui
904 1781 945 1817 so-

140 1838 173 1893 lis
193 1839 303 1895 nitorem
322 1837 431 1908 vicerat3
452 1847 477 1894 et
491 1857 577 1912 quum
590 1839 701 1894 oriretur
713 1839 943 1910 occumberetque,

139 1920 251 1984 quatuor
265 1914 381 1984 spatium
396 1914 521 1969 horarum
535 1914 715 1969 consumebat.
744 1914 814 1968 Puer
823 1920 945 1968 tutorum

138 1986 249 2042 insidias
263 2005 358 2059 passus
367 1995 414 2053 est,
426 1989 474 2060 qui
486 2006 547 2043 eum
560 1986 614 2042 iero
623 2005 692 2060 equo
702 1987 857 2060 impositum
867 1988 946 2060 equi·

138 2071 193 2117 tare
205 2062 366 2134 iacularique
379 2063 519 2137 cogebant:
534 2063 581 2135 qui
592 2070 699 2118 conatus
708 2079 770 2118 oum
779 2081 824 2119 eos
834 2061 948 2118 leiellis-

139 2145 205 2203 sent,
221 2155 301 2210 supra
315 2144 423 2192 aetatem
441 2145 545 2210 regente
554 2155 654 2210 equum
664 2137 822 2202 Mithridate,
839 2153 948 2192 veneno

138 2229 200 2267 eum
213 2213 371 2284 appetivere.
401 2211 478 2278 Quod
491 2220 611 2266 metuens
624 2210 738 2266 antidota
754 2213 861 2284 saepius
876 2211 949 2267 bibit

139 2295 163 2340 et
173 2286 245 2342 itnse
255 2288 382 2342 adversus
397 2287 507 2342 insidias
517 2285 656 2359 exquisitis
666 2286 807 2342 tutioribus
817 2285 948 2342 remediis

138 2360 279 2430 stagnavit
295 2369 324 2416 ut
338 2380 372 2417 ne
385 2361 476 2416 volens
489 2361 598 2434 quidem
614 2379 696 2417 senex
707 2378 806 2417 veneno
816 2361 888 2417 mori
898 2377 947 2433 po·

137 2432 225 2484 tuerit.
256 2433 363 2490 Timens
384 2435 487 2501 deinde,
504 2455 538 2492 ne
552 2436 663 2502 inimici,
681 2435 755 2509 qued
770 2454 875 2494 veneno
891 2451 947 2490 non

137 2511 287 2572 potuerant,
307 2505 375 2563 ferro
393 2518 554 2583 peragerent,
578 2511 694 2568 venandi
711 2510 831 2567 studium
852 2509 946 2573 finxit,

55 1723 57 1726 -
140 1689 197 1745 lum
214 1708 292 1746 omne
307 1689 465 1764 conflagrare
475 1690 616 1746 videratur.
645 1691 714 1744 Nam
723 1697 748 1743 et
758 1689 945 1762 magnitudine
996 1713 997 1727 r

137 2593 191 2644 quo
209 2595 257 2646 per
275 2587 374 2650 septem
393 2600 476 2638 annos
495 2601 582 2656 nequa
595 2586 670 2640 urbis
691 2603 777 2659 neque
792 2587 865 2641 ruris
878 2591 950 2640 tecte

137 2663 202 2699 usus
217 2658 267 2704 est:
289 2651 336 2705 sed
349 2671 396 2722 per
410 2655 490 2712 silvas
507 2668 619 2732 vagatus
633 2659 745 2715 diversis
757 2660 896 2718 montium
907 2676 950 2714 re-
996 2647 997 2742 l

996 2755 997 2784 l
