2016 3028
311 176 383 226 ΜΒ.
403 177 482 230 m.
512 179 591 230 GAP.
613 183 639 230 t.
822 177 873 232 263

75 282 152 355 qemi
162 277 279 336 solemne
291 289 330 335 eet
339 295 413 354 reges
427 282 570 353 parriddes
578 279 678 347 heberi,
690 289 721 336 ut
730 280 874 337 melem

74 357 160 412 simus
169 356 300 422 emnium,
312 363 338 410 et
349 356 406 428 ipse
417 358 559 412 Phrehstes
569 358 684 424 nominer
693 372 742 412 ren
749 365 874 412 staurere-

128 506 198 562 Cre.
219 505 250 561 V.
270 507 362 578 ltaque
373 506 470 572 statim,
485 503 562 580 quasi
577 506 657 561 nollet
676 507 752 572 meri,
772 516 872 579 petrem

76 580 214 649 interleeit3
235 579 326 635 lintres
335 593 542 654 quequeemnes
551 581 658 654 triginta
672 581 792 637 trucidat.
822 582 874 638 Sed

74 671 124 710 nee
132 656 160 710 iu
168 651 231 710 filiis
240 663 342 710 cessant
350 656 497 728 parricidia.
528 657 597 711 Nem
606 669 692 728 quum
705 655 811 711 infestes
820 657 873 712 sibi

72 731 211 803 optimates
224 738 329 802 prepter
343 730 453 786 adsidua
468 730 564 786 seelera
577 731 685 797 uideret,
701 747 735 786 ne
748 739 815 786 esset
824 735 872 804 qni

74 805 206 860 nominari
215 823 262 860 rex
270 813 366 877 posset,
373 804 585 864 adultumfilium
592 805 702 860 interfici
712 805 794 860 iubet.
806 807 873 861 Huie

71 880 205 935 Antonius
217 888 322 952 propter
333 880 464 936 auxilium
476 880 603 935 adversus
612 897 641 934 se
652 888 678 935 et
687 881 822 936 Caesarem
833 880 873 936 la-

71 963 130 1010 tum
144 953 244 1010 bellum
258 972 319 1010 eum
333 955 446 1010 sedecim
455 955 626 1010 validissimis
639 954 787 1029 legionibus
801 956 873 1010 intu—

72 1029 116 1084 lit:
139 1029 185 1083 sed
198 1030 311 1104 graviter
321 1029 412 1085 multis
424 1028 530 1101 proeliis
540 1037 650 1084 vexatus
660 1048 675 1084 a
685 1029 789 1085 Parthia
801 1028 872 1085 refu-

70 1105 121 1178 git.
150 1103 208 1172 Qua
218 1105 324 1160 victoria
334 1104 486 1160 insolentior
494 1104 637 1159 Phrnhates
647 1105 773 1170 redditus,
784 1122 871 1178 quum

71 1179 156 1234 multa
170 1178 308 1235 crudeliter
329 1179 482 1247 consuleret,
499 1179 528 1234 in
541 1179 666 1235 exsilium
680 1198 695 1235 a
710 1178 808 1252 populo
822 1197 871 1236 suo
904 1187 906 1191 “

70 1252 187 1327 pellitur.
217 1256 307 1326 ltaque
315 1272 401 1326 quum
410 1271 507 1328 magno
516 1261 631 1326 tempore
643 1255 769 1310 finitimas
778 1255 872 1310 eivita-

4 1335 6 1339 ’
70 1338 120 1394 tes,
132 1327 165 1382 ed
175 1336 336 1401 postremum
346 1327 456 1402 Scythes
469 1329 592 1401 preeibus
603 1329 745 1403 fatigasset,
760 1330 871 1404 Scythe-

69 1421 133 1458 rum
145 1404 262 1459 maximo
272 1402 371 1458 auxilie
381 1403 409 1459 in
419 1421 532 1479 regnum
540 1404 694 1459 restituitur.
714 1406 767 1459 Hoe
776 1406 871 1460 absen-

70 1487 96 1532 te
105 1495 196 1552 regem
204 1479 293 1534 Parthi
303 1478 444 1534 Tiridatem
454 1477 597 1552 quemdem
609 1479 809 1534 constituerant:
821 1480 869 1551 qui

70 1553 161 1608 audite
170 1553 284 1608 adventu
297 1553 464 1628 Scytharum,
478 1571 539 1609 oum
553 1571 649 1628 magna
658 1553 802 1608 amieorum
813 1571 871 1608 ma-

69 1643 109 1682 nu
119 1627 294 1683 edCaesarem
304 1629 332 1683 in
343 1629 497 1700 Hispaniam
506 1628 607 1684 bellum
618 1634 681 1683 tune
689 1628 813 1698 temperis
823 1645 870 1702 ge·

68 1711 171 1758 rentem
181 1702 539 1778 profugit,eltsideaneeari
545 1704 690 1758 minimum
698 1701 871 1757 filiuml’hrn—

69 1779 141 1833 hatis
160 1777 254 1844 terens,
270 1791 350 1851 quern
370 1779 547 1853 negligentius
565 1777 724 1833 cumdium
737 1781 867 1850 rapuerat.

66 1852 129 1919 Quo
142 1854 245 1927 eognite
258 1854 398 1908 thlretss
412 1853 510 1928 legates
518 1853 606 1908 statim
619 1853 653 1908 ad
661 1853 798 1908 Caesarem
808 1853 869 1906 mit·

67 1929 107 1992 tit,
122 1945 224 1984 sermm
232 1943 308 1982 suum
319 1931 460 1982 Tiridatem
469 1938 495 1984 rt
505 1933 589 1999 fluant
600 1931 699 1984 remitti
707 1932 768 1994 stne
779 1935 870 2000 pestu-

67 2003 115 2058 lat.
146 2003 240 2058 Caesar
257 2011 283 2057 et
301 2002 430 2076 legatione
442 2002 581 2058 Phtnltatis
601 2003 690 2058 audita
706 2011 731 2057 et
746 2003 868 2058 Tiridatis

65 2077 207 2150 postulatis
216 2078 326 2150 engnitis
334 2077 411 2150 (trem
425 2086 450 2132 et
459 2078 517 2150 ipse
525 2079 626 2134 restitui
639 2079 667 2132 in
677 2095 789 2150 regnum
800 2077 870 2132 desi-

65 2153 184 2216 derabat,
204 2157 272 2208 iuris
293 2153 603 2224 emmeramensem
624 2155 765 2216 Parthiam,
789 2151 869 2206 ndtir-

66 2243 154 2294 mens,
166 2233 191 2282 st
202 2233 258 2282 etue
267 2239 374 2297 reperere
382 2232 498 2282 menete
506 2241 595 2282 eorum
602 2225 791 2299 {ememusque
799 2228 868 2282 Tert-

66 2307 153 2358 danem
166 2307 314 2358 dediturum
327 2303 475 2366 eePnrttte,
489 2301 565 2367 dixit,
577 2318 658 2372 aequa
667 2306 795 2357 aduersus
801 2303 868 2356 Par-

67 2381 124 2433 tter
143 2379 257 2433 Ttrr'dett
273 2381 379 2432 eneittn
393 2381 524 2432 daturum.
558 2377 597 2432 Ne
617 2387 705 2431 tamen
719 2376 868 2449 peremnia

66 2453 135 2507 nihil
150 2469 166 2506 n
183 2452 292 2508 Caesare
306 2451 442 2506 obtentum
452 2451 593 2516 videretur,
608 2458 633 2505 et
645 2452 768 2507 Phrahati
782 2451 867 2505 filium

65 2529 126 2582 sine
138 2528 221 2600 pretio
237 2526 336 2582 remisit
350 2535 374 2580 st
384 2523 502 2592 Tiridati,
519 2525 606 2600 quoad
615 2544 720 2581 manere
733 2525 803 2597 apud
815 2527 868 2579 llo-

64 2615 160 2658 menos
171 2602 256 2667 vellet,
269 2601 425 2674 opulentum
435 2610 554 2656 sumtum
565 2601 681 2673 praeberi
692 2600 776 2655 iussit.
807 2600 867 2654 Post

64 2677 131 2734 haee
144 2678 219 2734 finite
229 2677 396 2750 Hispaniensi
409 2675 488 2743 belle,
503 2689 588 2750 quum
599 2676 627 2731 in
637 2675 742 2750 Syrinm
752 2674 785 2729 ad
795 2687 867 2728 oom-
