1984 3010
93 197 129 250 92
327 199 478 245 lUSTINI
496 197 655 243 HISTOR.

4 325 7 330 ·
91 301 174 356 adiis
184 299 378 354 immortalibus
390 299 464 352 datae
473 297 646 369 possessionis
656 296 807 351 admonere.
838 299 905 352 Post

91 376 155 430 haec
173 375 302 445 proelium
323 374 476 445 ingentibus
495 373 592 426 animis
608 372 791 426 committitur.
823 374 854 426 ln
869 391 908 426 eo*

92 457 201 520 uterque
217 466 263 503 rex
273 447 436 502 vulneratur.
466 447 579 500 Tamdiu
588 454 718 500 certamen
729 463 826 518 anceps
837 445 901 512 fuit,

91 523 179 595 quoad
194 522 295 595 fugeret
309 522 414 576 Darius,
443 521 548 575 Exinde
558 522 649 575 caedes
659 522 798 576 Persarum
810 531 902 576 secuta

91 605 139 653 est.
161 597 240 653 Caesa
251 603 314 651 sunt
323 596 441 667 peditum
452 613 538 650 unum
548 595 905 668 etsexagintamillia‚equi-

90 680 149 727 tum
163 672 253 728 decem
268 671 366 736 millia3
388 679 461 741 capta
476 669 651 742 quadraginta
667 670 762 724 millia.
790 671 833 724 Ex
841 671 903 725 Ma-

91 747 235 802 cedonibus
254 746 368 801 cecidere
382 745 514 817 pedestres
531 752 637 798 eentum
653 745 775 818 triginta,
794 745 903 816 equites

90 831 197 876 eentum
218 821 423 894 quinquaginta.
462 820 492 873 ln
511 819 603 872 castris
624 821 762 874 Persarum
781 819 906 875 multum

91 898 150 952 auri
160 905 358 969 ceterarumque
372 912 453 966 opum
463 895 613 948 inventurn.
646 894 715 948 luter
728 895 845 964 captivos
857 912 907 950 ca·

91 980 208 1026 atrorum
227 979 310 1030 mater
327 977 351 1024 et
371 987 438 1036 uxor
457 968 603 1039 eademque
620 985 694 1023 soror
707 976 733 1022 et
747 969 816 1022 filiae
829 969 905 1024 duae

90 1046 162 1100 Darii
180 1044 262 1098 inere.
302 1042 344 1098 nd
363 1061 430 1114 quas
452 1042 576 1100 visendas
598 1042 794 1114 hortandasque
810 1061 907 1114 quum

90 1119 239 1173 Alexander
252 1118 376 1182 venisset}
393 1117 538 1188 conspectis
551 1117 658 1171 armatis
673 1117 787 1171 invicem
802 1134 830 1171 se
840 1136 907 1172 am-

89 1191 191 1265 plexae,
207 1191 281 1246 velut
293 1192 379 1246 statim
395 1193 546 1256 moriturae,
566 1190 796 1262 complorationem
809 1191 906 1248 edide-

90 1275 160 1321 runt.
181 1266 335 1320 Provolutae
344 1266 439 1321 deinde
448 1265 906 1340 genibusrlleuaudrinonmortemr

89 1341 145 1406 sed,
161 1341 227 1396 dum
242 1341 312 1395 Darii
325 1359 420 1412 corpus
430 1340 566 1412 sepeliant,
583 1340 736 1396 dilationem
747 1341 839 1395 mortis
854 1343 906 1396 de-

89 1423 238 1488 precantur.
268 1417 355 1472 Motus
368 1423 438 1470 tanta
452 1415 597 1470 mulierum
610 1415 705 1488 pietate
715 1414 868 1470 Alexander
879 1427 911 1472 et

89 1493 198 1546 Darium
208 1493 297 1546 vivere
306 1491 375 1545 dixit
383 1497 408 1545 et
417 1491 571 1544 timentibus
581 1491 674 1544 mortis
684 1491 904 1556 metumdemsit‚

89 1585 188 1640 easque
203 1567 296 1622 haberi
310 1574 340 1622 ut
354 1565 458 1639 reginas
472 1565 616 1637 praecepit3
638 1565 707 1620 filias
722 1583 829 1637 quoque
845 1585 908 1622 non

89 1643 223 1697 sordidius
236 1642 364 1716 dignitate
377 1641 458 1712 patris
477 1658 581 1712 sperare
594 1640 792 1694 matrimonium
808 1640 907 1698 iussit.

144 1717 215 1772 Car.
235 1717 272 1769 X.
293 1718 353 1770 Post
363 1716 510 1786 haec,opes
520 1715 590 1769 Darii
601 1715 808 1787 divitiarumque
817 1733 910 1788 appa-

88 1797 176 1844 ratum
191 1789 389 1860 contemplatus,
403 1789 574 1844 admiratione
585 1797 715 1844 tantarum
725 1807 813 1844 rerum
825 1794 910 1863 capi-

87 1871 142 1917 tur.
173 1865 249 1916 Tunc
266 1864 384 1934 primum
400 1863 536 1918 luxuriosa
551 1865 672 1920 convivia
686 1872 711 1919 et
725 1864 910 1939 magnificen-

87 1938 152 1992 tiam
163 1936 303 2008 epularum
314 1937 418 2004 sectari,
437 1945 501 1992 tunc
510 1939 636 1994 Barsinen
647 1939 778 2012 captivam
787 1939 909 2013 diligere

88 2019 194 2085 propter
212 2010 311 2066 formae
329 2011 556 2082 pulchritudinem
574 2015 671 2086 eoepit:
702 2033 717 2070 a
736 2033 789 2087 qua
808 2025 906 2086 postea

88 2095 242 2160 susceptum
261 2105 375 2159 puerum
390 2087 528 2142 Herculem
548 2089 661 2144 vocavit.
691 2091 790 2145 Memor
809 2097 906 2148 tamen

88 2164 177 2220 adhuc
195 2163 303 2218 Darium
324 2162 421 2228 vivere,
443 2163 643 2218 Parmenionem
666 2164 699 2218 ad
717 2165 909 2234 occupandam

88 2240 220 2294 Persicam
233 2239 354 2304 classem,
366 2237 483 2309 aliosque
493 2239 591 2293 amieos
601 2238 634 2293 ad
644 2239 805 2309 recipiendas
819 2238 909 2297 Asiae

88 2314 206 2387 civitates
221 2315 308 2368 misit:
330 2331 398 2385 quae
412 2313 500 2367 statim
516 2313 605 2368 audita
617 2312 687 2368 fama
699 2314 819 2368 victoriae
831 2315 911 2386 ipsis

87 2387 159 2441 Darii
174 2387 310 2457 praelectis
325 2405 385 2442 cum
396 2387 454 2441 auri
465 2405 562 2460 magno
571 2387 686 2459 pondere
696 2388 863 2444 tradentibus
873 2409 912 2447 se

88 2464 116 2514 in
128 2468 279 2531 potestatem
290 2461 420 2515 victorum
430 2470 570 2516 venerunt.
597 2463 672 2516 Tune
682 2462 708 2516 in
721 2463 824 2536 Syriam
837 2481 911 2534 pro-

88 2534 228 2588 ficiscitur:
252 2535 300 2588 ubi
310 2535 402 2588 obvios
412 2551 474 2589 oum
484 2535 577 2591 infulis
588 2535 687 2590 multos
697 2536 811 2592 Orientis
821 2555 911 2612 reges

87 2605 192 2659 habuit.
222 2607 264 2660 Ex
274 2607 317 2660 his
327 2624 375 2675 pro
385 2608 484 2662 mer-itis
495 2609 664 2682 singulorum
675 2610 740 2666 alios
750 2613 778 2666 in
788 2612 909 2669 sociere

85 2682 140 2728 tem
150 2679 256 2749 recepit,
268 2679 328 2734 aliis
338 2698 452 2752 reguum
463 2683 560 2738 ademit
569 2683 683 2740 suffectis
694 2685 722 2741 in
735 2685 791 2741 loca
803 2703 910 2747 eorum
