1998 3006
86 182 134 233 tlt
320 153 471 232 ruamur
489 189 646 234 aaaron.

83 296 150 342 artes
161 288 267 358 accepit.
288 288 422 341 Arachosii
437 288 601 359 Gedrosique
612 288 728 362 Sibyrtio
738 287 897 360 traductum

83 364 198 417 Drancae
208 371 233 415 et
243 363 302 416 Arei
313 363 453 417 Stasanori.
474 364 623 418 Bactrianos
634 365 762 437 Amyntas
773 363 895 431 sortitur,

84 437 229 510 Sogdianos
239 437 388 508 Philippus,
402 438 513 510 Stagnor
524 439 641 500 Parthos
651 435 811 512 [Philippus]
824 440 897 512 Hyr-

83 529 162 566 canos
184 513 407 584 Phrataphernes,
429 513 573 568 Carmanos
595 513 780 584 Tleptolemus,
801 515 897 568 Persas

85 589 232 652 Peucestes
248 589 407 662 Babylonios
422 589 526 642 Archon
537 587 664 653 Pellaeus,
679 587 828 643 Arcesilaus
838 589 899 642 Me-

84 664 267 734 sopotamiam.
303 665 393 730 Quum
407 665 472 717 haec
485 663 582 718 divisio
596 663 677 717 veluti
698 663 773 717 latale
792 681 898 718 munus

84 739 200 812 singuiis
214 740 373 813 contigisset,
389 739 423 794 ila
439 757 535 812 magna
549 738 768 793 incrementorum
785 739 897 794 materia

84 815 209 886 plurimis
220 814 283 869 luit:
301 814 433 886 siquidem
445 832 497 868 non
508 831 605 886 magno
615 822 674 884 post
683 822 805 884 tempore,
814 815 897 884 quasi

84 909 174 964 regna,
193 909 244 945 nou
261 889 433 961 praefecturas
449 888 615 954 divisissent,
633 889 672 942 sic
686 907 760 962 reges
774 905 900 958 exprae-

84 964 157 1018 fectis
178 964 236 1018 lacti
257 983 368 1037 magnas
388 983 451 1036 opes
465 983 518 1019 non
534 965 585 1019 sibi
604 972 707 1019 tantum
721 972 895 1036 paraverunt,

85 1058 179 1094 verum
191 1040 269 1092 etiam
282 1040 392 1110 posteris
404 1039 577 1111 reliquerunt.

140 1111 210 1168 Cara
225 1115 257 1170 V.
278 1115 346 1168 Dum
363 1115 426 1168 haec
441 1115 469 1168 in
484 1115 589 1170 Oriente
603 1122 728 1188 aguntur,
745 1113 772 1167 in
784 1087 898 1168 (haecia

85 1189 260 1244 Athenienses
271 1197 296 1242 et
307 1189 389 1245 Aetoli
400 1189 510 1256 bellum,
523 1189 658 1262 quodiam
670 1189 731 1243 vivo
743 1188 900 1244 Alexandro

85 1271 234 1328 moverant,
252 1267 367 1320 summis
381 1266 484 1320 viribus
505 1265 680 1319 instruebant.
713 1263 812 1319 Causae
829 1264 897 1319 belli

84 1347 166 1404 erant,
188 1341 260 1410 quod
281 1359 402 1394 reversus
422 1341 455 1394 ab
470 1340 544 1394 ludia
560 1339 708 1394 Alexander
726 1338 849 1410 epistolas
865 1341 897 1395 in

85 1415 222 1470 Graeciam
233 1415 380 1488 scripserat,
388 1416 488 1488 quibus
498 1415 619 1469 omnium
631 1415 766 1469 civitatum
776 1414 899 1482 exsules

85 1499 186 1562 praeter
200 1491 286 1546 caedis
301 1491 428 1556 damnati,
445 1491 656 1544 restituebantur.
686 1491 759 1554 Quae
773 1489 901 1546 recitatae

84 1575 221 1637 praesente
234 1567 358 1621 universa
374 1566 481 1621 Graecia
498 1565 525 1619 in
541 1573 656 1620 mercatu
668 1563 822 1637 Olympiaca
836 1583 903 1620 ma-

84 1660 152 1714 gnos
168 1651 255 1696 motus
270 1641 398 1696 lecerunt:
425 1641 497 1714 quod
511 1640 619 1712 plurimi
634 1656 686 1694 non
703 1640 806 1712 legibus
820 1641 901 1711 pulsi

85 1717 177 1787 patria,
189 1717 233 1770 sed
245 1735 290 1788 per
300 1717 436 1772 factionem
448 1716 598 1788 principum
609 1715 725 1769 fuerant:
741 1716 902 1772 verentibus

85 1792 179 1845 iisdem
192 1792 367 1863 principibus,
377 1811 410 1846 ne
420 1792 531 1846 revocati
543 1791 699 1863 potentiores
715 1791 742 1843 in
757 1790 902 1862 republica

86 1866 184 1920 fierent.
211 1867 300 1920 Palam
316 1868 398 1940 igitur
410 1867 462 1920 iam
477 1875 541 1921 tunc
551 1867 649 1921 multae
659 1865 775 1919 civitates
788 1865 903 1922 liberta-

85 1949 138 1996 tem
158 1941 227 1996 bello
246 1942 433 1996 vindicandam
456 1942 610 1998 tremebant.
651 1941 785 2012 Principes
806 1950 900 1999 tamen

85 2017 206 2072 omnium
218 2017 389 2072 Athenienses
401 2024 427 2070 et
436 2016 519 2071 Aetoli
531 2017 609 2070 luere.
639 2016 716 2081 Quod
726 2034 811 2087 quum
824 2036 904 2072 nun-

85 2094 179 2148 tiatum
191 2093 341 2147 Alexandro
352 2101 427 2157 esset,
443 2091 515 2146 mille
526 2109 606 2146 naves
619 2090 708 2164 longas
719 2091 798 2146 sociis
810 2092 904 2164 impe»

85 2169 137 2222 rari
159 2177 330 2240 praeceperat,
347 2168 448 2239 quibus
466 2168 494 2222 in
510 2167 648 2222 Occidente
663 2165 764 2220 bellum
776 2177 901 2240 gereret3

85 2261 302 2314 excursurusque
312 2261 373 2297 cum
385 2243 471 2298 valida
482 2261 564 2296 marm
580 2241 663 2296 luerat
678 2241 710 2296 ad
722 2241 840 2297 Athenas
851 2244 907 2298 de-

86 2315 188 2371 lendas.
220 2319 304 2390 lgitur
317 2319 499 2382 Athenienses,
515 2326 645 2372 contracto
659 2315 765 2390 triginta
776 2318 904 2376 millium

85 2391 201 2444 exercitu
212 2399 237 2444 et
247 2391 366 2447 ducentis
378 2394 501 2456 navibus,
511 2392 611 2447 bellum
623 2409 683 2446 cum
694 2393 842 2463 Antipatro,
853 2397 906 2451 cui

86 2463 194 2516 Graecia
210 2474 278 2518 sorte
293 2475 427 2532 evenerat,
443 2475 553 2540 gerunt3
579 2485 695 2538 eumque
709 2467 906 2526 detrectantem

85 2535 215 2616 proelium
230 2547 254 2590 et
271 2540 406 2594 Heracleae
421 2542 495 2596 urbis
506 2543 646 2614 moepibus
657 2550 774 2596 tuentem
786 2563 815 2599 se
825 2545 908 2600 obsi-

86 2603 164 2688 dione
179 2610 299 2681 cingunt.
332 2614 432 2668 Eodem
446 2624 563 2687 tempore
570 2617 768 2682 Demosthenes,
785 2618 909 2676 Atheni·

84 2688 157 2728 ensis
167 2691 261 2747 orator,
275 2685 369 2753 pulsus
378 2689 463 2758 patria
473 2691 507 2744 ob
517 2691 617 2745 crimen
627 2692 724 2764 accepti
735 2693 769 2747 ab
782 2695 909 2768 Harpalo
