2022 3010
357 179 492 227 LIB.1V.
523 181 600 226 CAP.
622 182 648 226 1.
807 208 809 214 ν
870 175 899 228 Η

93 278 281 332 dimicassent.
322 279 390 334 Hinc
413 279 515 334 bellum
539 281 567 334 in
593 279 710 334 Siciliam
731 279 902 334 translatum:

92 353 169 424 quod
178 353 341 426 priusquam
353 371 464 426 expono,
479 355 511 409 de
521 354 624 409 Siciliae
633 355 686 410 situ
696 372 780 426 pauca
793 354 905 410 dicenda

91 436 169 482 sunt.
570 441 573 447 ’

392 585 619 613 *me-...-

229 901 428 958 LIBER
475 899 777 964 QUARTUS.

95 1154 181 1192 Ano.
198 1155 248 1204 cap.
264 1157 380 1194 1.2.s.1>e
398 1153 476 1192 Sicilia.
497 1158 517 1192 4.
528 1157 547 1192 5.
557 1155 635 1194 Infelix
649 1155 807 1195 Atheniensium
820 1157 841 1196 in
862 1169 906 1194 earn

401 1217 488 1256 insulam
497 1219 606 1266 expeditio.

158 1315 205 1378 Ca
213 1343 235 1377 n.
247 1324 268 1377 1.
284 1323 401 1378 Siciliam
414 1321 501 1377 ierunt
509 1323 630 1397 angustis
639 1324 775 1396 quondam
784 1323 908 1379 faucibus

97 1397 193 1452 Italiae
202 1397 365 1452 adhaesisse:
391 1397 592 1470 diremtamque‚
603 1399 677 1454 velut
688 1417 832 1471 scurpeus,
847 1417 907 1452 ma-

98 1475 156 1527 iore
168 1473 267 1544 impetu
278 1473 366 1544 superi
376 1473 466 1537 maris,
474 1473 545 1545 quod
557 1482 607 1528 toto
616 1473 750 1528 undarum
760 1473 908 1528 onereiliuo

98 1547 220 1602 vehitur.
253 1549 299 1600 Est
314 1554 400 1602 autem
414 1548 471 1618 ipsa
486 1555 553 1602 terra
566 1549 653 1602 tenuis
665 1565 694 1601 ac
703 1547 814 1620 fragilis,
830 1554 855 1600 et
864 1563 908 1600 ca-

98 1621 194 1676 vernis
207 1622 369 1692 quibusdam
380 1621 529 1694 fistulisque
539 1623 573 1677 ita
584 1621 760 1693 penetrabilis,
778 1629 807 1676 ut
816 1629 908 1675 ventu-

99 1713 166 1750 rum
181 1703 233 1750 totu
243 1695 323 1750 ferme
333 1695 438 1750 flatibus
448 1703 541 1768 pateat,
554 1714 663 1751 necnon
675 1705 699 1750 et
709 1697 817 1770 ignibus
827 1713 907 1769 gene-

99 1769 402 1842 randisnntriendisque
410 1771 458 1825 soli
469 1772 554 1842 ipsius
565 1770 692 1826 naturalis
702 1771 818 1836 materia,
827 1772 907 1843 quip-

99 1863 137 1917 pe
157 1845 316 1899 intrinsecus
335 1852 446 1900 stratum
459 1847 587 1917 sulphure
601 1855 626 1900 et
639 1847 770 1901 bitumine
779 1846 905 1902 traditur:

100 1937 175 1991 quae
195 1937 236 1973 res
255 1919 328 1984 facit,
345 1927 375 1974 ut
388 1920 483 1991 spiritu
497 1939 558 1975 cum
572 1922 634 1994 igne
648 1921 714 1976 inter
728 1922 848 1976 interiora
864 1921 907 1975 lu-

99 2001 203 2057 ctante,
218 1993 401 2065 frequentaret
414 1995 595 2066 compluribus
610 1996 672 2050 locis
688 2013 760 2050 nunc
773 1995 903 2059 flammas,

99 2086 178 2124 nunc
188 2067 512 2139 vaporem‚nunciumum
522 2078 628 2125 eructet.
648 2070 711 2124 Inde
722 2069 906 2141 deniquenet

100 2161 153 2198 nae
172 2143 270 2196 montis
291 2161 338 2214 per
359 2144 491 2199 totseeula
513 2145 590 2200 durat
612 2143 778 2199 incendium:
810 2150 834 2197 et
857 2143 905 2196 ubi

100 2219 189 2274 acrior
198 2235 245 2289 per
255 2219 414 2288 spiramenta
424 2237 595 2274 cavernarum
605 2225 700 2274 ventus
710 2217 838 2282 incubuit,
851 2235 908 2272 are-

100 2311 201 2348 narum
212 2293 293 2346 moles
305 2302 457 2365 egeruntur.
486 2295 640 2349 Proximum
651 2292 723 2348 italia
733 2293 909 2363 promontori-

100 2386 150 2422 um
164 2367 299 2440 Rhegium
311 2368 416 2434 dicitur,
431 2369 489 2422 ideo
500 2370 563 2440 quia
574 2369 670 2423 Graece
680 2368 790 2438 abrupta
800 2367 850 2422 hoc
860 2385 908 2421 no-

12 2483 14 2498 2
100 2443 178 2496 mine
197 2443 411 2512 pronuntiantur.
440 2445 494 2497 Nec
507 2444 615 2508 mirum,
631 2443 654 2496 si
671 2442 789 2497 fabulosa
804 2449 843 2494 est
857 2440 906 2492 loci

13 2517 14 2524 ’
101 2517 187 2572 huius
197 2516 350 2588 antiquitas,
363 2518 389 2572 in
400 2535 480 2589 quem
491 2535 532 2571 res
543 2526 579 2572 tot
588 2517 670 2571 coiere
681 2517 774 2570 mirae:
789 2515 907 2590 primum

101 2591 177 2663 quod
189 2609 323 2662 nusquam
337 2592 401 2646 alias
415 2601 469 2646 tam
484 2599 584 2646 torrens
599 2591 704 2652 fretum,
718 2603 765 2641 neo
775 2584 860 2666 selum
871 2596 910 2630 ⁰1·

102 2673 155 2722 teto
169 2667 282 2738 impetu,
299 2667 484 2723 verumetiam
503 2683 593 2721 saevo:
615 2679 702 2734 neque
713 2652 911 2727 experientlbus
