1998 3006
107 167 155 221 l02
181 183 186 193 '
342 166 493 214 IUSTINI
511 167 669 213 HISTOR.

106 280 163 327 tum
183 271 273 325 minus
288 268 425 324 exhauriri
439 284 516 338 posse
529 265 721 331 Macedoniam,
744 266 767 320 si
783 269 906 324 veteranis

105 346 225 418 patribus
241 345 337 399 tirones
348 343 396 396 filii
406 342 583 406 succederent,
600 341 739 396 militaturi
748 341 776 395 in
787 341 864 407 vallo,
881 343 906 398 in

105 437 159 492 quo
172 428 259 474 essent
273 427 340 484 nati,
358 417 598 488 constantioresque
611 415 706 484 luturi2
721 417 745 470 si
759 433 812 471 non
825 417 908 472 solum

105 495 237 560 tirocinia,
253 512 347 549 verum
362 499 388 546 et
400 491 562 546 incunabula
576 492 603 544 in
620 491 686 562 ipsis
700 492 792 545 castris
807 494 909 562 posuis-

106 578 173 623 sent.
205 569 278 636 Quae
291 567 453 624 eonsuetudo
468 568 496 622 in
511 583 660 621 successore
672 583 780 638 quoque
797 567 910 622 Alexan·
981 599 982 646 ss

105 643 147 698 dri
164 644 272 698 mansit.
303 645 387 718 Igitur
401 651 426 696 et
440 641 563 696 alimenta
574 641 663 712 pueris
673 649 768 696 statuta
777 649 803 696 et
813 642 910 697 instru-

105 725 193 774 menta
210 737 344 774 armorum
355 735 538 790 equorumque
548 715 692 770 iuvenibus
702 715 775 783 data;
796 724 822 770 et
831 717 910 788 patri-

104 795 158 850 bus
172 812 221 865 pro
237 811 347 850 numero
361 793 477 847 filiorum
490 791 607 863 praemia
620 797 724 845 statuta.
755 789 784 844 Si
796 809 911 862 quorum
981 787 982 868 ᾗ

104 877 192 941 patres
202 871 365 931 occidissent,
378 867 553 922 nihilominus
562 865 659 937 pupilli
668 865 797 937 stipendia
806 873 912 938 patrum
981 897 982 900 ¹

100 945 257 1012 trahebant:
284 959 400 1015 quorum
420 942 533 1012 pueritia
552 942 619 996 inter
633 941 720 995 varias
732 941 912 1012 expeditiones
981 965 982 968 ¹

105 1018 201 1073 militia
216 1025 279 1071 erat.
309 1019 401 1092 ltaque
414 1034 429 1070 a
444 1015 555 1088 parvula
570 1023 650 1069 aetate
664 1015 798 1071 laboribus
808 1019 914 1088 perieu-
981 1069 982 1080 ,

105 1092 193 1164 lisque
208 1092 328 1147 indurati
345 1092 462 1147 invictus
475 1091 605 1146 exercitus
622 1089 707 1145 fuere:
729 1108 816 1162 neque
830 1100 915 1146 eastra
981 1117 982 1168 ί

105 1167 179 1221 aliter
189 1183 269 1237 quam
281 1167 392 1238 patriam
400 1165 915 1238 nequepugnamaliudumquamquam
981 1171 982 1228 ξ

104 1241 242 1295 uictoriam
253 1241 361 1296 duxere.
383 1243 451 1296 Haeo
459 1240 565 1296 suboles
576 1257 672 1294 nomen
682 1240 777 1294 habuit
785 1241 914 1315 Epigoni.

104 1315 208 1370 Parthis
219 1316 315 1371 deinde
325 1317 439 1381 domitis,
452 1315 597 1386 praelectus
606 1315 649 1368 his
660 1315 783 1370 statuitur
793 1333 828 1370 ex
837 1317 917 1371 nobi-

105 1389 177 1445 libus
187 1392 326 1446 Persarum
337 1391 518 1464 Andragoras;
540 1389 602 1444 inde
611 1397 700 1462 postea
709 1390 841 1464 originem
852 1393 918 1446 Par·
981 1407 982 1414 ¹

104 1465 212 1521 thorum
220 1484 295 1540 reges
305 1466 429 1521 habuere.

160 1541 231 1598 Car.
253 1543 285 1596 V.
306 1543 406 1596 Interea
419 1539 569 1596 Alexander
588 1555 641 1594 non
656 1541 741 1612 regio,
762 1540 810 1594 sed
823 1541 919 1596 hostili

104 1615 165 1671 odio
174 1617 275 1672 saevire
285 1616 313 1670 in
324 1635 386 1671 suos
397 1615 489 1687 coepit.
514 1614 630 1670 Maxime
642 1614 832 1687 indignabatur
842 1617 920 1690 carpi

104 1708 133 1744 se
143 1692 310 1745 sermonibus
320 1708 430 1746 suorum
440 1690 557 1762 Philippi
568 1689 649 1760 patris
661 1689 815 1762 patriaeque
827 1709 920 1747 moros

104 1765 277 1820 subvertisse.
307 1767 414 1835 Propter
432 1782 501 1837 quae
517 1765 629 1820 erimina
649 1766 787 1820 Parmenio
806 1783 921 1839 quoque

104 1856 200 1904 senex,
223 1839 349 1911 dignitate
363 1839 418 1912 regi
434 1840 586 1909 proximus
603 1857 665 1894 eum
680 1839 781 1895 Philota
795 1840 869 1907 filio;
887 1842 922 1897 de

104 1921 217 1985 utroque
230 1913 306 1984 prius
320 1913 520 1985 quaestionibus
530 1914 637 1980 habitis,
653 1914 819 1970 interfioitur.
852 1917 922 1972 Fre-

86 1997 88 2000 '
104 2005 176 2044 mere
187 1988 276 2060 itaque
286 2006 378 2043 omnes
388 1989 521 2043 universis
532 1990 624 2043 eastris
635 2005 750 2060 coepere,
757 1990 866 2045 innoxii
877 2010 924 2046 se-

104 2065 147 2120 nis
162 2063 264 2136 filiique
277 2080 369 2118 casum
380 2065 547 2132 miserantes;
569 2064 702 2120 interdurn
712 2083 739 2118 se
748 2083 853 2135 quoque
867 2085 930 2122 non

104 2144 196 2195 debere
212 2143 305 2194 melius
322 2157 429 2208 sperare
447 2138 571 2193 dioentes.
602 2138 676 2205 Quae
691 2157 777 2210 quum
792 2143 925 2196 nuntiata

104 2213 255 2270 Alexandro
269 2223 364 2280 essent,
381 2231 483 2279 verens,
502 2231 535 2268 ne
549 2213 613 2268 haeo
625 2214 715 2285 opinio
729 2215 808 2269 etiam
818 2215 848 2270 in
862 2217 927 2272 Ma-

104 2288 242 2343 cedoniam
263 2289 445 2363 divulgaretur
464 2296 489 2344 et
506 2307 540 2344 ne
554 2289 677 2344 victoriae
690 2287 774 2362 gloria
788 2292 929 2347 saevitiae

103 2359 208 2415 maoula
224 2363 406 2430 insumeretur,
424 2363 533 2419 simulat
547 2381 575 2418 se
589 2382 623 2418 ex
636 2364 729 2419 amieis
742 2365 881 2436 quosdam
894 2367 929 2421 in

103 2435 216 2502 patriam
230 2437 354 2491 victoriae
369 2439 476 2493 nuntios
490 2440 648 2494 missurum.
678 2441 801 2494 Hortatur
815 2441 930 2496 milites

103 2506 161 2588 suis
181 2509 308 2573 seribere,
330 2513 455 2566 rariorem
475 2514 611 2567 habituros
630 2514 792 2568 occasionem
806 2525 932 2589 propter

103 2575 227 2632 militiam
238 2583 413 2638 remotiorem.
434 2588 512 2640 Datos
522 2587 604 2642 fasces
614 2587 784 2658 epistolarum
794 2590 932 2646 tacitead

16 2723 18 2730 Ι
102 2659 132 2695 ee
145 2647 239 2704 deferri
258 2654 343 2721 iubet;
368 2673 402 2710 ex
416 2659 517 2728 quibus
536 2663 640 2736 cognito
654 2663 686 2716 de
700 2681 728 2717 se
742 2663 934 2738 singulorum
