2014 3000
373 168 445 212 LIB.
465 169 513 212 IX.
544 168 625 214 CAP.
646 169 669 214 8.
889 167 917 217 8l

61 269 70 290 ⁸
110 264 196 320 officii
207 263 243 318 ad
253 265 392 337 exsequias
401 267 568 332 cucurrisset,
580 267 607 322 in
620 285 697 322 cruce
705 267 845 338 pendentis
855 269 924 324 Pau·

109 341 206 394 saniae
219 339 300 410 capiti
314 340 405 394 eadem
419 349 501 404 nocte,
517 359 571 413 qua
581 345 661 407 venit,
676 360 798 397 eoronam
815 361 922 398 auream

114 414 259 485 imposuit:
275 415 347 485 quod
357 433 434 469 nemo
444 415 513 470 alius
522 417 627 481 audere,
636 418 688 470 nisi
702 419 774 482 haee,
783 419 922 488 superstite
995 449 996 452 =

114 489 234 560 Philippi
245 488 300 542 filio
310 491 445 560 potuisset.
460 493 559 545 Pauoos
572 491 665 546 deinde
674 500 733 562 post
741 492 797 546 dies
807 493 923 546 refixum

109 581 212 634 oorpus
232 563 403 618 interfectoris
420 583 500 636 super
517 565 642 636 reliquias
659 567 745 620 mariti
758 568 884 621 cremavit
897 574 923 621 et
966 627 969 632 ,

114 637 254 694 tumulum
273 639 297 692 ei
315 639 406 693 eodem
424 639 484 693 lecit
504 640 531 694 in
550 639 614 703 looo,
635 642 819 712 parentarique
835 642 922 696 eidem

110 713 260 784 quotannis
279 713 386 768 incussa
404 713 503 785 populo
521 715 706 784 superstitione
719 716 830 769 curavit.
861 718 922 769 Post

115 788 180 841 haeo
189 787 364 858 Cleopatram,
381 807 395 842 a
406 806 459 860 qua
470 788 546 859 pulsa
562 787 677 859 Philippi
688 789 855 843 matrimonio
865 789 922 843 lue-

113 869 163 927 rat,
176 863 204 916 in
215 863 318 934 gremio
327 864 385 917 eius
394 863 470 933 prius
482 863 534 916 iilia
545 861 685 926 interiecta,
698 863 774 916 finire
786 864 866 918 vitam
876 882 923 918 su-

111 937 226 1008 spendio
236 937 332 1010 ooegit3
355 937 555 1008 spectaculoque
567 937 705 1008 pendentis
717 937 844 992 ultionem
853 939 922 1010 poti·

111 1019 140 1066 ta
149 1021 198 1076 est,
206 1011 241 1065 ad
251 1029 333 1083 quam
339 1029 387 1082 per
396 1011 568 1082 parricidium
579 1011 755 1067 festinaverat.
772 1013 922 1068 Novissime

111 1085 245 1159 gladium,
264 1103 318 1157 quo
332 1103 379 1140 rex
393 1103 535 1156 percussus
548 1095 600 1150 est,
617 1086 734 1158 Apollini
747 1088 798 1141 sub
814 1088 921 1142 nomine

112 1159 239 1234 Myrtales
250 1161 424 1215 eonsecravit:
437 1161 487 1214 hoo
495 1161 567 1214 enim
577 1178 673 1216 nomen
684 1169 743 1215 ante
753 1161 921 1235 Olympiadis

111 1235 242 1306 parvulae
256 1234 317 1288 luit.
348 1233 421 1301 Quae
436 1235 525 1288 omnia
540 1235 575 1289 ita
590 1236 676 1306 palam
688 1235 754 1290 lacta
764 1245 835 1302 sunt,
848 1238 921 1291 utti-

111 1310 215 1364 muisse
225 1309 355 1374 videatur,
371 1327 405 1364 ne
418 1308 521 1363 lacinus
531 1311 564 1364 ab
574 1329 604 1364 ea
613 1311 786 1365 commissum
797 1329 850 1365 non
859 1329 921 1384 pro-

110 1385 229 1440 baretur.

167 1459 239 1514 Cur.
254 1459 323 1513 Vlll.
334 1459 449 1512 Decessit
454 1458 593 1528 Philippus
602 1458 777 1530 quadraginta
786 1466 811 1512 et
821 1466 921 1530 septem

110 1551 256 1597 annorum,
278 1550 365 1604 quum
382 1534 460 1587 annis
479 1532 574 1604 uiginti
592 1541 616 1585 et
635 1533 755 1603 quinque
775 1540 918 1604 regnasset.

109 1609 213 1664 Genuit
221 1625 256 1662 ex
266 1607 401 1662 Larissaea
411 1607 540 1662 saltatrice
551 1605 637 1660 filium
644 1605 796 1670 Aridaeum
804 1607 851 1677 qui
861 1615 921 1677 post

110 1683 298 1738 Alexandrum
308 1683 438 1755 regnavit.
468 1681 566 1734 Habuit
579 1680 679 1734 etalios'
690 1680 787 1734 multos
797 1698 830 1734 ex
840 1681 920 1742 variis

110 1757 291 1814 matrimoniis
300 1758 372 1830 regio
381 1775 454 1812 more
463 1764 605 1826 susceptos,
623 1756 670 1826 qui
680 1755 777 1826 partim
788 1755 848 1820 lato,
860 1774 921 1827 par-

109 1834 159 1888 tim
169 1832 240 1886 ferro
250 1831 360 1903 periere.
371 1833 434 1885 Fuit
444 1849 489 1885 rex
500 1847 635 1885 armorum
645 1848 727 1902 quam
736 1831 918 1886 conviviorum

110 1906 285 1979 apparatibus
294 1905 449 1970 studiosior;
471 1907 514 1960 cui
525 1906 656 1960 maximae
665 1924 727 1977 opes
738 1915 810 1960 erant
820 1907 920 1960 instru-

110 1991 200 2036 menta
219 1981 366 2049 bellorum:
397 1981 550 2035 divitiarum
570 1989 681 2052 quaestu
702 1999 783 2052 quam
802 1981 919 2034 custodia

110 2056 252 2111 sollertior.
291 2056 384 2126 ltaque
407 2057 474 2108 inter
498 2055 666 2126 quotidianas
688 2055 794 2126 rapinas
816 2073 920 2124 semper

109 2132 188 2202 inops
197 2137 264 2185 erat.
295 2130 473 2184 Misericordia
485 2129 511 2183 in
522 2147 552 2183 eo
561 2137 586 2184 et
596 2129 704 2200 perfidia
719 2131 777 2199 pari
787 2129 844 2183 iure
854 2128 920 2182 dile-

108 2215 175 2260 otae.
206 2203 287 2259 Nulla
302 2205 374 2275 apud
389 2222 450 2258 eum
466 2205 551 2276 turpis
564 2205 629 2258 ratio
639 2202 773 2258 vincendi.
801 2203 920 2258 Blandus

109 2282 208 2352 pariter
228 2287 254 2332 et
274 2279 418 2333 insidiosus
438 2278 568 2350 alloquio:
598 2279 645 2349 qui
665 2277 741 2349 plura
758 2279 920 2349 promitteret

107 2373 194 2426 quam
214 2361 370 2425 praestaret;
396 2355 424 2407 in
438 2354 505 2408 seria
519 2361 544 2406 et
564 2353 632 2407 iooos
651 2351 753 2408 artifex.
782 2353 918 2408 Amicitias

109 2429 231 2492 utilitate,
250 2445 304 2482 non
320 2428 372 2482 fide
386 2428 494 2482 colebat.
525 2427 642 2482 Gratiam
657 2429 756 2500 lingere
770 2429 798 2482 in
808 2429 876 2494 odio,
890 2428 918 2479 in

11 2499 12 2518 ¹
110 2505 195 2577 gratia
209 2503 339 2557 offensam
353 2502 491 2566 simulare,
508 2503 637 2556 instruere
652 2503 720 2556 iuter
734 2502 918 2558 ooncordantes

106 2579 180 2642 odia,
189 2578 262 2648 apud
272 2584 417 2648 utrumque
426 2577 537 2650 gratiam
544 2595 667 2646 quaerere
676 2577 801 2630 solemnis
811 2575 849 2627 illi
856 2588 920 2624 oon-

11 2651 13 2658 ’
109 2652 234 2707 suetudo.
267 2653 335 2706 luter
348 2653 413 2706 haee
426 2651 575 2724 eloquentia
588 2660 613 2704 et
628 2651 741 2722 insignis
755 2648 844 2708 oratio,
856 2659 920 2696 aeu-

151 2746 273 2801 lusrruus.
731 2739 750 2790 F
