1998 3006
100 131 150 184 104
338 137 488 182 IUSTINI
506 139 664 184 HISTOR.

97 236 426 308 pocula,dolebat.Eodem
435 237 517 310 igitur
525 236 905 308 furoreinpoenitentiam,quo
981 266 985 293 ι

97 312 200 384 pridem
211 312 239 365 in
250 313 326 376 iram,
339 320 441 376 versus,
454 313 522 366 mori
531 312 624 367 voluit.
659 311 778 365 Primum
789 311 818 365 in
829 311 904 367 fletus

97 403 254 459 progressus
264 386 385 458 amplecti
396 394 540 452 mortuum,
552 387 662 442 vulnera
673 392 788 450 tractare,
804 393 829 440 et
837 405 904 458 qua-

98 461 122 514 si
137 461 254 515 audienti
268 461 386 516 confiteri
400 461 573 530 dementiam;
595 469 727 532 arreptum
743 460 825 514 telum
835 461 862 514 in
875 479 905 516 se

98 536 189 590 vertit:
211 537 406 611 peregissetque
416 535 528 603 laqinus,
542 536 594 590 nisi
603 536 680 590 amici
690 536 903 592 intervenissent.

98 610 196 664 Mansit
211 611 276 665 haec
289 611 411 666 voluntas
429 611 558 666 moriendi
572 611 651 664 etiam
665 610 904 682 sequentibusdie-

97 685 160 740 hus.
181 685 331 740 Accesserat
340 687 410 740 anim
422 686 593 757 poenitentiae
604 685 713 740 nutricis
722 703 795 750 suae,
808 685 905 740 sororis

99 760 169 826 Cliti,
187 761 337 826 recordatio,
357 761 433 815 cuius
448 761 563 814 absentis
575 778 638 816 eum
648 759 902 831 maximepudebat:

99 843 153 889 tam
168 834 271 890 foedam
287 836 328 890 illi
344 835 529 889 alimentorum
539 852 649 890 suorum
659 835 806 888 meroedcm
816 834 904 889 reddi·
989 895 990 904 ἵ

98 918 162 975 tam,
169 917 208 976 ut,
215 912 243 965 in
254 911 330 964 cuius
341 909 465 964 manibus
474 909 614 981 pueritiam
624 918 718 984 egerat,
725 909 789 964 huic
799 909 906 964 iuvenis

98 993 124 1041 et
134 985 216 1039 victor
225 1001 273 1055 pro
281 984 416 1046 beneficiis
426 982 518 1038 funera
529 985 678 1039 remitteret.
704 984 905 1055 lisputabatde-

98 1059 169 1123 inde,
182 1067 314 1130 quantum
329 1059 356 1112 in
367 1059 482 1113 exercitu
492 1077 550 1124 suo,
565 1067 697 1131 quantum
707 1059 778 1130 apud
788 1059 905 1114 devictas

98 1141 189 1206 gentes
201 1132 352 1188 fabularum
362 1142 441 1204 atque
451 1134 576 1198 invidiae,
583 1142 714 1205 quantum
725 1134 796 1205 apud
805 1143 906 1188 ceteros

98 1209 196 1262 amicos
211 1216 311 1262 metum
325 1216 350 1262 et
364 1207 456 1263 odium
471 1209 514 1262 sui
528 1208 628 1278 fecerit;
649 1227 731 1281 quam
747 1227 868 1264 amarum
879 1217 906 1264 at
922 1229 939 1259 a

98 1283 171 1337 trista
181 1282 323 1337 reddiderit
336 1283 491 1338 convivium
505 1302 596 1349 suum,
614 1302 667 1338 nou
677 1290 794 1338 armatus
807 1283 835 1337 in
850 1285 908 1339 acie

98 1375 180 1429 quam
190 1358 218 1412 in
228 1358 351 1412 convivio
360 1357 510 1412 terribilior.
540 1360 615 1413 Tunc
627 1359 766 1413 Parmenio
780 1366 805 1412 et
814 1358 908 1414 Philo-

97 1441 145 1498 tas,
158 1441 222 1487 tunc
231 1433 360 1506 Amyntas
371 1433 554 1498 consobrinus,
566 1441 630 1488 tunc
639 1451 749 1488 noverca
759 1432 909 1506 fratresque

96 1507 237 1576 interlecti3
259 1516 323 1562 tunc
334 1506 445 1573 Attalus,
459 1507 637 1582 Eurylochus
650 1508 794 1562 Pausanias
804 1506 908 1580 aliique

97 1584 263 1638 Macedoniae
272 1583 393 1638 exstincti
403 1583 535 1654 principes
545 1583 724 1638 occurrebant.
740 1582 781 1637 Ob
791 1582 855 1638 haec
865 1583 909 1638 illi

97 1658 240 1729 quatriduo
254 1665 416 1728 perseverate
431 1657 518 1712 inedia
534 1666 581 1723 est,
597 1658 680 1713 donec
693 1657 824 1712 exercitus
842 1659 909 1712 uni-

97 1733 165 1786 versi
186 1733 309 1804 precibus
328 1740 450 1787 exoratus
470 1741 516 1798 est,
537 1733 676 1804 precantis,
694 1751 726 1787 aa
740 1738 779 1787 ita
796 1742 909 1788 martem

96 1813 176 1861 caius
191 1810 285 1871 doleat,
304 1815 333 1860 ut
347 1812 482 1862 universos
493 1813 597 1876 perdat,
614 1826 678 1877 quoa
690 1813 719 1863 in
729 1811 849 1862 ultimam
859 1813 909 1862 da-

97 1883 188 1936 ductoa
203 1885 354 1936 barbariam
368 1886 437 1936 iuter
453 1887 594 1951 infestaret
607 1885 910 1950 irritatusbetlopentea

96 1961 230 2011 destituat.
271 1955 387 2012 Multum
410 1955 531 2027 profuere
556 1957 723 2012 Callisthenis
750 1955 910 2028 philosophi

95 2049 195 2103 preces,
212 2031 421 2102 condiscipulatu
435 2031 506 2103 apud
518 2031 682 2086 Aristotelem
696 2031 836 2086 familiaris
851 2031 908 2098 illi,

96 2117 122 2161 et
131 2115 194 2162 tuuc
205 2107 237 2160 ab
248 2107 306 2178 ipso
315 2124 377 2180 rege
388 2105 421 2160 ad
429 2106 562 2178 prodenda
573 2107 715 2162 memoriae
724 2113 780 2160 acta
790 2106 848 2160 eius
859 2124 912 2162 ao-

96 2183 175 2237 citus.
201 2183 328 2236 Revocato
342 2182 424 2254 igitur
434 2181 467 2235 ad
480 2181 580 2236 bellum
590 2183 687 2248 animo,
706 2181 868 2237 Chorasmos
882 2188 912 2236 et

95 2257 182 2310 Dahas
192 2257 220 2310 in
229 2257 389 2311 deditionem
399 2257 504 2327 aceepit.

151 2329 220 2384 Car.
235 2332 291 2384 vll.
312 2331 420 2395 Deinde,
436 2331 508 2402 quod
518 2330 546 2385 in
557 2331 798 2402 primoexPersioo
808 2349 915 2402 super-

94 2402 153 2454 biae
169 2403 255 2472 regiae
266 2423 338 2458 more
350 2405 494 2471 distulerat,
512 2423 545 2460 ne
558 2407 646 2460 omnia
656 2407 751 2478 pariter
762 2406 915 2462 invidiosi-

95 2491 140 2526 ora
155 2484 250 2539 essent,
272 2495 325 2532 non
343 2479 460 2543 salutari,
478 2480 523 2534 sed
537 2480 638 2534 adorari
648 2499 676 2535 se
686 2482 768 2538 iubet.
797 2481 916 2536 Acerri-

95 2562 157 2598 mus
173 2548 242 2601 inter
255 2561 405 2606 recusantes
420 2553 592 2608 Callisthenes
602 2554 662 2609 tuit.
693 2556 817 2623 Quaeres
827 2564 854 2610 et
867 2556 914 2611 illi

93 2623 121 2666 et
130 2619 222 2672 multis
231 2623 399 2694 principibus
408 2628 582 2682 Macedonum
592 2630 671 2684 exitio
681 2629 745 2685 luit:
766 2631 914 2702 siquidem
