2016 3028
301 209 372 264 Lis.
392 219 498 263 XXXII.
516 219 609 264 *CAR
624 217 656 264 ’3.
829 213 880 268 217

75 329 129 372 tem
143 317 230 389 regiae
239 317 380 372 maiestatis
390 317 521 372 babuisse.
549 319 634 391 Igitur
643 320 761 382 Perseus,
774 327 881 389 perspe-

74 399 116 446 cta
135 391 218 462 petris
237 391 408 464 aegritudine,
425 393 543 464 quotidie
564 394 698 448 absentem
717 393 880 447 Demetrium

73 465 149 536 apud
158 483 220 520 eum
230 466 377 535 criminari;
403 475 427 520 et
439 468 525 538 primo
535 468 662 532 invisum,
674 476 733 538 post
744 469 822 523 etiam
833 485 880 522 su-

75 548 196 612 spectum
211 539 331 609 reddere3
352 559 425 595 nunc
443 543 585 596 amicitiam
598 539 785 606 Romanorum,
807 560 882 598 nuno

73 610 252 686 proditionem
260 615 285 670 ei
294 616 375 687 patris
383 616 520 671 obiectare.
534 647 537 652 ·
549 616 591 670 Ad
600 623 763 688 postremum
782 617 878 671 insidi-

75 707 106 743 as
115 689 167 742 sibi
177 689 211 743 ab
220 706 251 744 eo
261 697 363 760 paratas
371 691 511 764 confingit:
522 690 555 745 ad
565 691 642 745 euius
652 691 688 744 rei
699 692 879 760 probationem

74 763 196 818 immittit
209 764 317 829 indices,
327 773 410 819 ‘testes
423 767 557 829 subornat,
572 765 718 829 ellanicus,
730 765 880 836 quedobii-

75 839 120 904 cit,
144 838 266 892 admittit.
297 839 401 905 Quibus
419 841 498 894 rebus
512 839 649 910 compulso
661 839 694 893 ad
706 837 880 910 parricidium

74 921 158 984 patre,
171 911 303 968 funestam
312 931 419 969 emnem
429 915 529 988 regiam
539 913 608 969 lacit.

132 987 202 1042 Car.
221 987 263 1042 ΙΙΙ.
284 987 376 1043 Occiso
389 989 518 1044 Demetrio
530 988 687 1060 sublatoque
702 987 813 1052 aemulo,
826 1003 880 1042 non

74 1061 252 1135 negligentior
268 1071 372 1118 tantum
392 1065 501 1120 Perseus
520 1064 548 1118 in
565 1071 674 1136 patrem,
691 1062 880 1118 verumetiam

76 1137 256 1192 contumacior
264 1145 331 1195 erat:
343 1155 392 1192 nee
399 1138 520 1193 heredem
531 1138 615 1212 regni,
624 1137 669 1192 sed
680 1155 766 1211 regem
773 1152 882 1210 segere-

75 1212 129 1267 bet.
159 1212 207 1265 llis
216 1212 295 1266 rebus
305 1212 420 1267 offensus
429 1213 577 1284 Philippus,
594 1213 774 1284 impatientius
785 1213 812 1266 in
823 1212 880 1266 dies

76 1293 188 1340 mertem
202 1287 325 1341 Demetrii
340 1287 455 1342 dolebat:
476 1295 540 1342 tunc
554 1296 579 1342 et
596 1286 700 1342 insidiis
714 1288 881 1342 circumven-

75 1370 135 1416 tum
145 1361 283 1432 suspicari,
294 1369 370 1416 testes
380 1362 533 1434 iudicesque
542 1371 672 1434 torquere.
693 1362 780 1434 Atque
792 1363 827 1415 ita
837 1377 881 1415 oo-

74 1435 151 1510 gnita
160 1435 256 1490 fraude
263 1454 315 1491 non
326 1437 418 1492 minus
426 1437 521 1492 scelere
529 1437 615 1492 Persei
625 1453 705 1509 quam
717 1437 881 1490 innexiaDe-

75 1511 165 1565 metrii
179 1519 261 1566 morte
272 1511 451 1581 emulabatur3
473 1513 668 1586 peregissetque
681 1511 816 1575 ultionem,
829 1509 880 1563 nisi

75 1585 436 1656 mortspraeventusluisset.
458 1589 526 1641 Nam
536 1587 609 1641 brevi
618 1591 678 1657 post
687 1592 882 1655 temperemur-

74 1661 114 1715 be'
126 1677 160 1713 ex
173 1661 337 1733 aegritudine
345 1670 474 1716 contrecto
484 1661 602 1724 decessit,
614 1659 702 1714 relicte
709 1675 809 1730 magno
818 1657 882 1711 belli

74 1741 210 1807 apparatu
221 1734 348 1789 adversus
362 1737 507 1801 Romanos,
523 1753 578 1808 quo
589 1743 677 1806 postea
691 1735 801 1788 Perseus
815 1749 883 1786 usus

74 1818 125 1865 est.
158 1809 228 1864 Nam
242 1815 268 1863 et
280 1809 369 1864 Gallos
384 1810 532 1866 Scordiscos
545 1810 578 1864 ad
590 1809 651 1864 belli
665 1808 813 1863 societatem
822 1823 881 1878 per·

73 1883 195 1957 pulerat:
215 1883 370 1956 fecissetque
379 1887 504 1940 Romanis
517 1901 597 1958 grave
606 1882 715 1949 bellum,
732 1883 783 1938 nisi
794 1882 881 1937 detes-

74 1960 165 2014 sisset.
196 1959 318 2030 Namque
328 1958 397 2014 Galli
407 1961 476 2014 bello
486 1961 613 2014 adversus
622 1959 735 2032 Delphos
745 1957 883 2013 infeliciter

73 2040 161 2110 geste,
169 2032 197 2087 in
208 2049 262 2104 que
271 2035 397 2090 maiorem
407 2035 462 2089 vim
474 2035 593 2089 numinis
602 2051 684 2106 quam
693 2033 811 2088 hostium
821 2049 883 2086 sen-

74 2115 176 2172 serant,
183 2107 280 2164 amirse
289 2110 392 2164 Brenno
400 2109 466 2164 duce
475 2127 536 2180 pers
546 2110 574 2162 in
582 2109 682 2174 Asiam,
693 2125 755 2180 pars
765 2107 884 2161 inThra-

74 2184 147 2240 eiam
159 2189 275 2252 extorres
289 2182 420 2258 lugerent.
453 2185 516 2238 lnde
529 2201 575 2255 per
588 2182 678 2237 eadem
690 2181 808 2254 vestigia,
828 2196 882 2251 qua

74 2263 213 2324 venerant,
230 2258 368 2330 uunquam
381 2257 491 2331 patriam
502 2259 651 2329 repetivere.
679 2257 721 2311 Ex
731 2255 774 2309 bis
785 2271 884 2309 manus

76 2332 211 2406 quaedam
219 2332 248 2387 in
258 2332 404 2389 confluente
413 2334 526 2388 Danubii
536 2342 562 2387 et
570 2332 632 2386 Sevi
643 2330 767 2392 consedit,
779 2329 884 2385 Scerdi—

77 2425 191 2480 scosque
203 2425 233 2462 se
240 2407 366 2479 appellari
376 2408 469 2465 veluit.
499 2407 633 2480 Tectosagi
648 2415 745 2472 autem,
757 2421 843 2477 quum
854 2404 883 2456 in

78 2483 217 2554 antiquam
231 2483 344 2554 patriam
357 2484 478 2539 Tolosam
489 2483 632 2546 venissent,
648 2479 884 2552 comprehensique

77 2557 200 2629 pestilera
213 2557 259 2612 lue
270 2566 366 2624 essent,
382 2575 434 2613 non
449 2557 524 2628 prius
541 2556 678 2612 sanitatem
698 2556 882 2624 reciperavere,

78 2649 162 2703 quam
176 2631 350 2704 haruspicum
365 2632 498 2704 responsis
511 2631 605 2685 moniti
619 2647 715 2684 aurum
733 2633 885 2700 argentum-

78 2723 132 2780 que
139 2707 217 2763 bellis
226 2707 580 2782 sacrilegiisquequaesitum
589 2706 616 2759 in
623 2699 884 2758 Tolosensemlacurn
