1998 3006
108 186 155 238 llb
339 189 491 235 IUSTINI
507 187 658 233 HISTOR

105 297 198 347 visam.
219 291 279 344 Post
291 289 355 344 haec
366 287 444 362 legati
454 287 604 342 Siculorum
609 287 801 360 superveniunt
806 288 910 344 traden-

104 373 142 420 tes
158 366 259 438 Pyrrho
272 365 350 418 totius
361 361 463 417 insulae
475 363 625 434 imperium,
639 381 707 434 quae
717 362 836 418 adsiduis
846 364 908 418 Car-

105 440 312 512 thaginiensium
330 438 408 493 hellis
425 438 580 492 vexabatur.
609 440 701 509 ltaque
714 437 804 492 relicto
820 440 908 492 Locris
989 449 990 510 t

103 514 254 569 Alexandro
269 515 323 568 lilio
338 512 502 584 firmatisque
516 513 648 567 sociorum
658 513 809 567 civitatibus
822 513 911 568 valido

104 589 243 660 praesidio,
257 589 283 643 in
295 588 412 644 Siciliam
422 589 565 642 exereitum
573 587 682 642 traiecit.
856 642 860 652 ,

160 664 226 719 Car.
249 666 292 718 ΙΙΙ.
313 665 347 718 Et
360 663 486 735 quoniam
501 662 534 716 ad
545 661 804 736 Carthaginiensium
814 662 910 716 menti-

104 756 181 792 onem
194 747 303 792 ventum
313 747 360 803 est,
372 738 405 792 de
417 738 616 810 origineeorum
628 754 711 808 pauca
720 736 906 802 dicendasunt,
989 755 990 762 ¹

105 814 220 883 repetitis
235 815 376 886 Tyriorum
394 811 482 883 paullo
497 811 576 865 altius
590 812 678 876 rebus,
700 829 815 883 quorum
833 827 910 866 casus
989 825 990 830 ’

105 890 182 942 etiarn
215 888 321 943 dolendi
348 887 465 942 fuerunt.
507 886 648 960 Tyriorum
676 904 742 960 gens
767 884 871 940 condita
894 905 910 941 a

106 963 282 1016 Phoenicibus
296 962 358 1029 luit3
381 961 428 1032 qui
439 970 520 1016 terrae
531 970 603 1015 rnotu
613 960 700 1015 vexati
713 959 802 1014 relicto
813 960 912 1031 patriae

105 1037 160 1091 solo
179 1036 319 1109 Assyrium
343 1045 466 1108 stagnum
486 1036 581 1106 primo,
598 1053 661 1090 mox
675 1036 742 1090 mari
756 1036 910 1106 proximum

105 1110 168 1164 litus
189 1111 362 1174 incoluerunt,
384 1111 487 1164 condita
507 1111 544 1164 ihi
564 1111 639 1174 urhe,
660 1128 743 1182 quam
762 1129 777 1164 a
796 1110 911 1181 piscium

23 1182 30 1194 '
105 1185 221 1238 ubertate
236 1185 335 1238 Sidona
349 1184 560 1255 appellaverunt:
582 1203 644 1240 nam
658 1185 757 1256 piscem
768 1185 913 1239 Phoenices
989 1227 990 1230 ,

104 1265 179 1313 sidon
194 1267 296 1312 vocant.
328 1261 387 1312 Post
401 1259 499 1314 multos
508 1259 603 1314 deinde
613 1277 696 1314 annos
707 1278 721 1314 a
731 1277 792 1332 rege
804 1259 914 1315 Ascalo-
989 1275 990 1338 ᾗ

104 1334 210 1387 nicrum
227 1333 380 1406 expugnati,
398 1335 513 1388 navibus
527 1333 630 1405 appulsi
647 1335 735 1408 Tyron
745 1334 840 1388 urbem
851 1342 915 1389 anta
989 1341 990 1392 l

105 1426 205 1462 annum
217 1409 343 1463 Troianae
353 1408 435 1462 cladis
445 1409 628 1464 condiderunt.
654 1409 693 1463 lbi
704 1410 844 1463 Persarum
854 1409 915 1464 bel-
989 1413 990 1476 l

104 1481 137 1538 lis
152 1483 199 1538 diu
216 1484 340 1555 varieque
353 1484 452 1557 fatigati
470 1483 579 1537 victores
589 1483 698 1555 quidem
709 1483 793 1538 luere:
815 1483 863 1538 sed
874 1492 916 1538 at·
989 1487 990 1526 ἒ

104 1559 172 1612 tritis
183 1559 286 1614 viribus
296 1577 310 1612 a
320 1559 404 1612 servis
414 1559 470 1612 suis
481 1557 651 1612 multitudiue
659 1557 861 1613 abundantibus
870 1560 916 1614 in·
989 1555 990 1580 ³

104 1633 187 1706 digna
202 1633 331 1704 supplicia
349 1634 465 1705 perpessi
480 1641 556 1687 sunt:
578 1633 626 1704 qui
641 1633 833 1704 conspiratione
845 1632 916 1689 iacta

105 1725 210 1762 omnem
235 1707 347 1762 liberum
370 1707 500 1778 populum
525 1724 586 1761 cum
601 1708 716 1761 dominis
733 1708 912 1766 interficiunt:

105 1789 184 1852 atquc
197 1783 230 1836 ita
241 1783 313 1852 potiti
325 1783 392 1836 urba
402 1783 468 1836 lares
478 1783 647 1836 dominorum
657 1791 795 1854 occupant,
803 1801 917 1855 rempu-

104 1855 200 1910 blicam
221 1856 360 1921 invadunt,
382 1857 508 1929 coniuges
527 1857 637 1922 ducunt,
653 1865 685 1921 et,
703 1857 780 1928 quod
790 1859 842 1929 ipsi
859 1876 918 1914 non

104 1939 187 1993 erant,
200 1928 295 1985 liberos
305 1939 449 2000 procreant.
473 1931 546 1986 Unus
557 1950 590 1986 ex
599 1939 636 1986 tot
646 1931 918 1988 millibusscrvorum

104 2003 162 2068 luit,
178 2005 226 2076 qui
241 2005 297 2058 miti
314 2006 420 2078 ingenio
433 2005 503 2059 senis
514 2006 615 2060 domini
624 2006 784 2078 parvulique
794 2007 844 2062 lilii
854 2009 927 2062 eius'

104 2079 208 2135 fortuna
223 2087 385 2145 moveretur,
408 2081 583 2153 dominosque
597 2099 650 2135 uon
664 2083 731 2135 truci
745 2081 854 2148 feritate,
867 2083 921 2138 sed

104 2157 164 2226 piae
174 2156 366 2210 misericordiae
376 2155 539 2210 humanitate
550 2157 697 2227 respiceret.
722 2158 815 2229 ltaque
825 2175 921 2229 quum

104 2231 179 2284 velut
191 2233 289 2286 occisos
304 2231 450 2295 alienasset,
467 2231 604 2302 servisque
618 2230 652 2285 de
667 2238 737 2286 statu
751 2233 924 2304 reipublicae
989 2285 990 2300 ,

105 2301 312 2359 deliberantibus
333 2305 474 2376 placuisset
488 2323 576 2378 regern
593 2323 626 2360 ex
641 2322 690 2360 suo
708 2323 815 2377 corpora
830 2309 923 2363 creari
989 2325 990 2330 ’

104 2393 221 2445 eumque
237 2379 405 2446 potissimum
419 2381 497 2451 quasi
509 2381 720 2451 acceptissimum
736 2381 862 2454 diis„qui
873 2400 926 2438 so-
989 2375 990 2380 ¹

104 2447 156 2530 lem
171 2451 297 2503 orientem
311 2453 414 2520 primus
431 2454 551 2508 vidisset:
572 2473 627 2509 rem
646 2455 679 2509 ad
693 2455 839 2512 Stratonem
855 2457 927 2530 (hcc
989 2491 990 2510 t

104 2535 175 2599 enim
198 2523 222 2574 ei
242 2541 337 2578 nomen
352 2526 414 2598 erat)
429 2527 567 2582 dominum
582 2529 682 2584 occulte
698 2529 819 2584 latentem
835 2531 927 2587 detu-

105 2587 144 2640 ht.
166 2593 206 2644 Ah
219 2611 249 2648 eo
259 2595 393 2660 formatus,
407 2617 493 2669 quum
504 2603 591 2657 medio
601 2605 683 2658 noctis
692 2606 926 2660 omnesinunum
989 2641 990 2664 r

104 2673 228 2729 campum
242 2670 437 2736 processissent,
454 2676 545 2730 ceteris
555 2677 584 2732 in
594 2677 720 2733 orientem
731 2681 929 2751 spectantibus
989 2681 990 2738 l
