2044 3028
308 189 379 234 urs.
399 191 489 235 xxxr.
521 192 600 236 css.
622 193 648 238 1.
826 185 877 240 207

74 286 150 344 alteri
164 285 311 342 Occidentis
326 289 436 359 imperio
444 289 598 362 gloriantes3
611 289 774 362 serentesque
783 289 811 346 in
821 290 878 345 hel-

75 361 134 418 lum
144 361 190 416 alii
200 362 331 418 maiorum
341 381 449 418 suorum
461 365 597 436 antiquam
607 373 632 418 et
641 365 783 421 obsoletam
795 365 877 438 glori-

74 454 128 501 am,
146 435 192 492 alii
209 437 337 495 virentem
351 439 498 494 recentibus
511 439 696 509 experimentis
712 439 817 494 virtutis
830 439 878 497 llo-

74 528 140 566 rem.
170 507 222 568 sed
241 511 394 569 Macedonas
415 513 531 569 Romana
551 512 654 568 fortuna
667 513 739 568 vicit.
767 513 894 570 Fractus-

10 637 11 658 ξ
74 586 165 657 itaque
173 584 243 640 hello
252 585 399 658 Philippus,
410 603 473 657 pace
483 605 498 640 a
510 587 660 642 Flaminino
670 582 776 644 consule
785 590 873 659 petite,

75 677 173 716 uomen
187 659 296 732 quidem
310 662 414 733 regium
429 662 543 725 retinuit,
559 662 606 716 sed
618 662 743 717 omnihus
754 661 878 718 Graeciae

74 734 198 798 urbibus,
215 733 288 790 velut
301 735 376 807 regui
390 736 516 789 membris
530 744 603 790 extra
618 737 742 790 terminos
753 737 878 808 antiquae

73 809 258 880 possessionis,
277 808 391 874 amissis,
410 809 493 864 solam
503 809 681 866 Macedoniarn
692 811 808 866 retinuit.
830 810 878 866 Ol·

10 913 11 916 ¹
73 884 142 938 lensi
152 890 239 938 tamen
248 883 340 947 Aetoli,
353 883 425 955 quod
435 901 488 940 non
498 901 532 938 ex
544 885 651 940 arbitrio
660 901 751 940 eorum
757 885 876 940 Macedo·

10 965 11 1010 ἑ
75 959 120 1014 nia
133 975 241 1030 quoque
255 957 357 1014 ademta
371 959 427 1031 regi
441 966 466 1012 et
480 959 540 1014 data
554 959 605 1013 sihi
616 959 644 1014 in
654 960 800 1030 praemium
812 959 875 1022 helli

75 1040 150 1098 esset,
163 1032 261 1106 legatos
273 1032 306 1086 ad
317 1033 475 1088 Antiochum
488 1033 604 1099 mittunt,
616 1036 736 1107 quicum
747 1033 876 1090 adulatio-

74 1125 108 1161 ne
120 1106 314 1180 magnitudinis
328 1107 356 1162 iu
366 1109 482 1164 Romana
493 1109 560 1167 bella
574 1127 621 1182 spe
629 1110 756 1165 societatis
765 1110 875 1165 univer·-

10 1215 11 1256 t
73 1199 118 1236 sae
128 1181 250 1238 Graeciae
259 1180 431 1253 impellerent.

375 1299 571 1328 *αρσια-

281 1463 477 1521 LIBER
521 1465 667 1521 XXXI.

373 1586 420 1594 »—

70 1648 149 1687 Aac.
168 1649 217 1697 Cap.
232 1651 293 1686 1-s.
310 1649 447 1686 Romanorum
470 1655 540 1688 contra
555 1647 680 1688 Antiochum
698 1648 771 1686 bellum
790 1654 873 1697 propter

213 1711 349 1750 Hannibalem
359 1718 444 1762 gestum,
455 1713 531 1750 etitem
541 1718 610 1750 eontra
619 1711 727 1749 Nabidem.

126 1766 201 1832 Car.
222 1778 242 1831 l.
262 1777 371 1834 Mortuo
384 1777 528 1840 Ptolemaeo
547 1775 719 1848 Philopatore,
743 1793 804 1848 rege
821 1776 873 1832 Ae-

68 1853 155 1925 gypti,
170 1858 352 1924 contemtaque
361 1853 467 1924 paruuli
479 1851 526 1906 lilii
538 1851 595 1906 eius
607 1859 696 1916 aetate,
710 1851 791 1922 quiin
797 1867 873 1922 spem

69 1926 146 1999 regni
162 1925 268 1980 relictus
276 1927 388 1998 praedae
395 1929 474 1984 etiam
483 1927 633 1983 domesticis
640 1933 702 1989 erat,
714 1925 869 1992 Antiochus,

68 2017 116 2056 rex
131 1999 231 2074 Syriae,
246 2017 372 2074 occupare
385 2001 534 2075 Aegyptum
549 2000 646 2055 statuit.
676 2002 775 2071 ltaque,
787 2001 872 2057 Phoe-

68 2075 155 2130 nioem
178 2081 328 2147 ceterasque
350 2075 441 2149 Syriae
466 2075 585 2147 quidem,
607 2074 655 2130 sed
672 2075 739 2131 iuris
757 2073 871 2148 Aegypti

69 2150 187 2206 sidetes
201 2166 287 2220 quum
304 2149 454 2214 invasisset,
468 2149 566 2223 legatos
576 2149 610 2203 ad
621 2165 683 2204 enm
693 2156 799 2202 senatus
809 2149 872 2202 mit

69 2225 107 2290 tit,
119 2223 169 2297 qui
179 2222 363 2281 denuntiarent
372 2225 410 2279 ei:
424 2227 565 2280 abstineret
573 2240 653 2293 reque
659 2226 871 2292 sopettassero-

67 2305 117 2356 mts
126 2303 217 2368 patris
228 2302 351 2367 precibus
365 2303 425 2368 fidei
440 2316 503 2356 sune
518 2303 618 2354 traditi.
651 2297 756 2364 Quihus
765 2299 869 2369 spretis,

66 2375 200 2430 interiecto
215 2380 330 2444 tempore
346 2373 397 2428 alia
411 2373 504 2446 legatio
513 2373 674 2445 supervenit,
686 2389 763 2446 quae,
772 2374 871 2428 omissa

65 2448 164 2520 pupilli
178 2464 298 2519 persona,
312 2453 429 2504 etrutotes
438 2455 496 2504 ture
509 2451 569 2504 betti
580 2453 667 2518 fuctus
674 2451 766 2517 populi
774 2449 871 2522 Romu-

64 2528 95 2580 m'
107 2529 137 2580 tn
150 2528 282 2592 iutapntm
295 2527 399 2580 restitui
412 2522 529 2578 iubebat.
560 2522 694 2584 Ahuuenti
709 2521 810 2577 bellum
824 2521 871 2574 de-

63 2597 233 2654 nuntiatum:
242 2597 315 2669 quod
326 2598 370 2652 ille
379 2595 454 2654 facile
463 2605 625 2669 suseeptum,
637 2596 773 2652 infeliciter
779 2595 868 2667 gessit.

61 2673 166 2730 Eodem
176 2680 292 2748 tempore
300 2680 326 2728 et
335 2673 417 2729 Nabis
426 2679 556 2746 tyrannus
566 2671 663 2728 multas
672 2669 794 2727 Graeciae
802 2667 869 2722 civi-
