2022 3010
129 199 163 252 dl
364 201 514 246 IUSTINI
532 199 711 250 HISTOR..

130 321 187 358 esse
199 301 289 372 coepit.
319 300 423 372 Quippe
435 301 594 366 Artabanus,
604 299 748 372 praefectus
758 299 825 363 eius¹
841 299 937 353 delici-

130 386 188 432 ente
203 375 320 448 quotidie
334 375 404 448 regis
420 375 562 439 maiestate,
580 377 608 430 in
622 393 696 446 spem
707 375 781 448 regni
791 373 933 438 adductus

130 469 191 507 cum
206 457 305 521 septem
322 449 512 504 robustissimis
522 450 584 504 filiis
594 450 693 522 regiam
703 449 806 520 vesperi
816 448 936 520 ingredi-

130 535 182 590 tur,
199 525 270 598 (nam
286 524 415 578 amicitiae
428 525 486 580 iure
500 543 602 596 semper
617 524 656 577 illi
670 523 781 596 patebat)
792 523 936 577 trucidato-

131 618 184 672 que
194 617 262 672 rege,
275 608 335 654 voto
345 617 393 653 suo
404 600 559 654 obsistentes
570 599 636 652 lilios
642 599 699 652 eius
705 598 764 652 dolo
770 597 932 670 aggreditur.

131 675 251 730 Securior
265 674 298 728 de
311 674 462 738 Artaxerxe,
478 691 559 746 puero
569 673 721 738 admodum,
734 673 811 745 lingit
820 689 935 745 regema

131 750 217 814 Uaria,
235 750 283 820 qui
299 759 354 804 erat
367 748 525 814 adolescens,
539 766 593 821 quo
602 749 732 802 maturius
745 765 826 820 regno
838 747 936 818 potire-

132 834 184 889 tur,
197 824 326 892 occisum3
343 823 455 895 impellit
465 823 634 879 Artaxerxem
642 823 813 894 parricidium
825 823 936 892 parrici-

132 901 177 954 dio
194 899 338 954 vindicare.
370 897 460 964 Quum
478 906 588 953 ventum
602 898 635 952 ad
648 898 758 952 domum
775 897 845 950 Darii
857 905 936 960 esset,

132 975 266 1028 dormiens
279 973 412 1037 inventus,
424 973 501 1044 quasi
511 991 635 1028 somnum
646 973 762 1044 lingeret,
772 966 935 1025 interli'citur.

133 1049 198 1102 Dein
218 1064 303 1118 quum
317 1064 403 1100 unum
420 1065 454 1102 ex
467 1047 537 1120 regis
556 1047 618 1101 filiis
632 1047 723 1102 sceleri
737 1064 785 1101 suo
798 1063 939 1116 superesse

133 1122 283 1176 Artabanus
308 1121 419 1186 videret,
445 1129 624 1194 metueretque
642 1121 675 1176 de
694 1139 774 1193 regno
793 1120 937 1174 certamina

133 1196 294 1266 principum3
316 1196 428 1249 assumit
438 1196 465 1250 in
477 1197 623 1250 societatem
632 1196 734 1250 consilii
745 1195 935 1268 Megabazum;

134 1270 191 1342 qui,
204 1268 334 1340 praesenti
344 1277 413 1324 statu
424 1278 569 1335 contentus,
582 1289 637 1324 rem
646 1270 733 1342 prodit
745 1269 894 1334 Artaxerxi,
906 1278 938 1322 ut

131 1353 210 1412 puter
220 1348 275 1398 eiua
283 1349 385 1399 occisus
393 1351 437 1409 sit,
448 1355 478 1399 ut
481 1351 567 1415 frater
571 1349 641 1416 falsa
643 1349 786 1414 parricidii
790 1348 940 1412 suspicione

134 1436 285 1487 oppressum
304 1423 808 1488 utdeniqueipsipororenturinsidiae.
834 1419 880 1471 His
894 1435 940 1471 co-

134 1493 216 1567 gnitis
230 1494 396 1558 Artaxerxes,
412 1511 506 1550 verens
520 1493 645 1548 Artabani
656 1510 798 1548 numerum
809 1491 937 1557 filiorum,

134 1570 163 1623 in
178 1575 311 1640 posterum
325 1568 396 1624 diem
404 1575 525 1640 paralum
535 1585 592 1622 esse
600 1576 730 1622 armatum
739 1567 881 1621 exercitum
896 1568 940 1620 iu-

134 1644 188 1708 bet,
205 1645 387 1718 recogniturus
402 1651 427 1698 et
440 1661 582 1698 numerum
592 1642 717 1708 militum,
729 1642 792 1696 etin
803 1641 884 1696 armis
895 1641 939 1695 in-

135 1717 265 1772 dustriam
285 1718 462 1790 singulorum.
501 1719 591 1790 ltaque
612 1733 698 1790 quum
712 1717 780 1771 inter
798 1723 894 1770 ceteros
913 1725 944 1769 ct

136 1793 192 1861 ipse
204 1791 353 1845 Artabanus
366 1799 482 1846 armatus
498 1793 640 1854 assisteret,
662 1809 709 1846 rex
724 1789 864 1844 simulatse
878 1790 941 1844 bre-

135 1865 236 1918 viorem
251 1864 357 1918 loricam
371 1865 479 1920 habere:
501 1866 574 1920 iubet
587 1865 751 1920 Artabanum
766 1881 855 1919 secum
866 1881 941 1919 oom—

94 1959 96 1963 ’
135 1946 250 1992 mutare:
280 1946 419 1993 exuentem
441 1957 484 2004 se,
510 1957 540 1994 ao
557 1939 701 2005 nudatum,
721 1939 809 2013 gladio
823 1939 937 1992 traiecit:

135 2022 192 2068 tum
213 2020 238 2066 et
257 2013 325 2068 lilios
344 2015 401 2068 eius
420 2014 515 2085 corripi
535 2015 617 2070 iubet.
656 2014 743 2086 Atque
762 2015 797 2070 ita
815 2015 940 2086 egregius

135 2087 284 2143 adolescens
303 2095 328 2144 et
347 2089 451 2144 caedem
470 2088 552 2160 patris
566 2097 590 2144 et
604 2107 632 2146 se
645 2089 679 2144 ab
693 2089 798 2144 insidiis
811 2088 941 2143 Artabani

135 2163 291 2218 vindicavit.

190 2238 260 2293 Car.
280 2239 311 2293 11.
322 2240 391 2294 Dum
401 2239 465 2294 haec
477 2239 505 2294 in
516 2236 944 2312 Persisgeruutur,intereaGrae-

136 2314 175 2368 cia
189 2313 286 2376 omnis,
303 2313 416 2368 ducibus
431 2313 643 2369 Lacedaemoniis
660 2319 685 2366 et
694 2311 901 2367 Atheniensibus
912 2311 942 2366 in

135 2387 202 2442 duas
222 2387 309 2441 divisa
327 2397 423 2458 partes,
444 2389 601 2444 abexlernis
614 2387 692 2442 bellis
706 2387 777 2442 velut
795 2386 823 2440 iu
838 2386 943 2442 viscera

135 2479 183 2516 sua
195 2479 266 2514 arma
277 2464 412 2517 convertit.
433 2464 515 2519 Fiunt
524 2463 642 2537 igiturde
651 2479 706 2517 uno
715 2478 812 2533 popum
822 2460 949 2516 duocor-

136 2551 205 2604 pora
225 2543 249 2588 et
263 2535 406 2590 eorundem
421 2545 565 2592 castrorum
579 2537 700 2592 homines
715 2538 742 2591 in
752 2536 819 2590 duos
831 2534 945 2589 hostiles

135 2609 264 2661 exercitus
286 2607 452 2664 dividuntur.
482 2613 549 2664 llino
568 2611 765 2666 Lacedaemonii
787 2610 945 2665 communia

136 2680 270 2734 quondam
290 2683 427 2738 civitatum
446 2685 545 2740 auxilia
567 2686 601 2740 ad
620 2687 690 2740 vires
711 2703 773 2742 suas
786 2684 944 2754 trahebant;
