2044 3028
337 174 409 218 LIB.
429 175 511 222 XXX.
543 179 621 224 CAP.
643 181 665 224 1.
860 177 909 228 203

104 270 165 324 stati
184 270 338 326 Macedones
351 272 478 330 ultionem
492 275 653 350 flagitabant.
688 275 792 344 Quibus
806 287 842 334 tot
852 288 910 335 tan-

106 346 195 416 tisque
205 346 284 399 rebus
294 348 427 414 obsessus,
439 351 482 404 cui
496 351 533 406 rei
547 353 665 423 primum
681 362 833 418 occurreret,
853 373 910 408 am-

9 415 10 466 }
105 419 225 492 bigebat:
247 421 372 476 omnibus
393 429 479 478 tamen
492 426 642 496 propediem
657 427 755 481 arinilia
770 445 797 482 se
812 430 909 482 missu-

104 510 166 546 rum
181 493 330 564 pollicetur3
353 514 406 551 non
421 499 484 570 quia
498 499 580 554 lacere
595 509 681 570 posset
694 519 762 573 quae
775 504 909 572 promitte-

103 568 157 631 bat,
170 567 216 621 sed
227 575 257 622 ut
265 587 312 640 spe
321 571 441 642 impletos
450 573 478 628 in
489 574 616 628 societatis
625 575 681 628 iure
691 576 818 630 retineret.
851 577 909 630 Pri·

104 659 149 696 ma
168 649 256 697 mmen
281 643 320 698 illi
340 647 471 716 expeditio
484 649 610 702 adversus
625 649 757 704 Dardanos
772 648 837 717 iuit;
859 653 907 722 qui

101 717 250 771 absentiam
270 719 328 772 eius
342 730 502 792 aucupantes
517 724 614 777 maiore
627 722 688 777 belli
707 723 774 777 mole
788 725 908 778 Macedo-

102 791 163 845 niae
176 791 359 848 imminebant.
390 795 459 850 Cum
474 797 600 850 Romanis
614 814 721 868 quoque
734 813 825 869 pacem
834 798 903 862 facit,

101 867 231 920 cantentis
246 867 352 921 interim
362 869 463 924 bellum
473 871 668 925 Macedonicum
678 871 821 926 distulisse.
843 873 906 926 Phi·

103 939 259 1011 lopoemeni,
277 941 441 998 Achaeorum
457 945 527 1010 duci,
544 961 625 1016 quem
638 946 671 1000 ad
685 947 905 1001 llomanossocio-

101 1031 162 1068 rum
185 1015 290 1070 animos
309 1014 447 1072 sollicitare
465 1019 597 1083 didicerat,
619 1020 728 1075 insidias
748 1019 902 1092 praetendit.

101 1088 205 1156 Quibus
223 1089 269 1144 ille
281 1092 393 1164 cognitis
408 1094 548 1166 vitatisque
560 1095 692 1149 discedere
701 1095 734 1149 ab
744 1112 774 1150 eo
787 1095 903 1150 Achaeos

99 1166 249 1221 auctoritate
259 1183 307 1220 sua
317 1168 408 1240 coegit.

433 1269 445 1294 δ

390 1331 615 1360 -εοοοω-κ
684 1354 685 1358 ,

321 1547 517 1604 LIBER
559 1551 681 1606 XXX.

410 1687 593 1698 ——n———a

96 1758 141 1796 Aa
149 1758 174 1795 G.
190 1759 240 1806 Cap.
249 1760 267 1794 1.
276 1757 295 1792 Ξ.
308 1755 435 1793 Ptolemaeus
445 1755 466 1792 in
473 1757 574 1805 Aegypto.
587 1761 606 1793 3.
618 1756 680 1794 Cuius
688 1755 725 1794 lilii
734 1760 819 1796 tutelam
826 1759 900 1798 Rorna-

179 1821 201 1860 ni
211 1821 233 1858 in
241 1832 262 1857 se
272 1817 394 1867 suscipiunt.
406 1824 426 1855 4,
435 1820 571 1856 Romanorum
581 1821 605 1858 de
613 1819 710 1869 Philippo
719 1820 811 1858 victorin.

151 1895 228 1959 Car.
250 1903 272 1956 l.
293 1901 415 1973 Philippo
434 1902 462 1957 in
480 1903 630 1958 Macedonia
645 1904 749 1978 magnis
763 1905 843 1960 rebus
858 1906 899 1962 in·
985 1947 989 1956 .

95 1985 174 2042 wnto,
193 1978 220 2031 in
232 1976 353 2049 Aegypto
362 1976 500 2030 Ptolemaei
509 1978 607 2032 diversi
618 1995 704 2033 mores
713 1989 798 2034 erant:
820 1981 900 2052 quip-

94 2070 128 2126 pe
139 2067 223 2126 regno
231 2050 370 2122 parricidio
379 2059 461 2122 parto,
475 2052 543 2106 etad
555 2069 645 2107 necem
654 2054 793 2125 utriusque
805 2071 901 2124 paran-

94 2129 129 2182 tis
147 2127 228 2182 caede
245 2127 324 2179 etiam
346 2124 433 2180 fratris
452 2126 582 2192 adiuncta,
604 2125 676 2182 volut
693 2127 772 2182 rebus
791 2128 898 2184 feliciter

10 2235 11 2240 κ
95 2203 186 2276 gestis,
211 2200 333 2255 luxuriae
351 2217 380 2254 se
400 2200 552 2270 tradiderat;
574 2202 697 2275 regisque
712 2217 796 2257 mores
810 2205 898 2259 omnis

10 2321 11 2344 ,
95 2285 184 2331 secuta
201 2275 274 2348 regia
289 2283 352 2329 erat.
383 2275 473 2346 ltaque
486 2293 539 2330 non
553 2277 630 2331 amici
644 2285 746 2332 tantum
764 2277 899 2350 praefecti-

10 2351 11 2400 }
94 2368 157 2422 que,
179 2365 273 2406 verum
293 2350 371 2404 etiam
389 2351 476 2405 omnis
494 2351 633 2416 exercitus,
649 2351 773 2423 depositis
788 2353 897 2410 militiae

95 2425 200 2488 studiis,
222 2425 274 2479 otio
294 2442 324 2478 ac
342 2423 442 2479 desidia
460 2426 575 2496 corrupti
596 2428 755 2482 marcebant.
793 2428 896 2494 Quibus

94 2499 174 2554 rebus
190 2499 301 2572 cognitis
310 2499 464 2565 Antiochus,
477 2516 524 2554 rex
534 2500 633 2573 Syriae,
648 2502 729 2557 veteri
739 2503 807 2556 inter
815 2519 843 2556 se
856 2519 897 2556 re-

93 2590 208 2646 gnorum
223 2573 283 2628 odio
297 2573 458 2639 stimulante,
474 2575 609 2645 repentino
623 2575 691 2630 bello
706 2575 802 2631 multas
817 2576 895 2630 urbes

93 2649 152 2702 eius
169 2649 307 2720 oppressit,
325 2650 465 2722 ipsamque
477 2647 628 2724 Aegyptum
641 2650 803 2724 adgreditur.
833 2651 895 2702 Tre-
