1998 3006
126 194 174 244 l38
358 197 508 242 IUSTINI
527 197 682 244 HISTOR.

125 299 206 361 hoste,
224 295 397 367 colloquitur‚·
417 304 442 350 et
461 297 526 350 inita
544 297 663 351 societate
677 295 826 367 paciscitur,
846 301 872 349 ut
881 312 919 349 re-

126 380 231 426 vocatus
246 371 273 423 in
292 371 403 441 patriam
418 370 519 441 prodita
533 372 556 424 ei
567 372 633 425 urbe
642 369 785 444 praefectus
796 370 852 423 eius
862 387 919 424 cou-

123 449 284 499 stitueretur.
315 446 403 498 Postea
418 453 504 498 autem
520 446 639 510 insidias,
656 464 723 517 quas
734 445 838 499 civibus
850 462 920 514 para-

124 528 204 583 verat,
221 519 247 573 in
265 519 353 589 ipsum
368 520 545 574 Mithridatem
561 529 678 574 verterat.
708 521 919 590 Namquequum
985 547 986 598 p

124 593 197 648 velut
210 594 306 646 arbiter
317 593 403 648 civilis
417 594 561 648 discordiae
570 595 603 648 de
612 594 705 648 exsilio
715 611 836 647 reversus
846 601 918 657 esset,
985 599 986 620 ¹

123 676 220 722 statuto
237 675 361 740 tempore,
377 686 430 740 quo
445 670 538 724 urbem
549 669 690 722 Mithridati
705 668 823 732 traderet,
836 668 919 738 ipsum
985 699 986 712 ι

124 761 186 797 cum
202 744 293 797 amicis
308 744 364 797 suis
382 744 461 814 cepit;
483 751 642 815 captumque
657 752 759 814 accepta
770 743 869 814 ingenti
879 759 921 812 pe-
985 755 986 806 t

124 818 203 872 cunia
219 818 329 872 dimisit.
359 817 446 889 Atque
458 825 487 872 ut
497 818 524 871 in
535 817 579 872 illo
594 818 713 872 subitum
728 835 756 870 se
765 835 798 871 ex
808 817 876 870 socio
886 815 922 870 fe-
985 839 986 876 i

123 893 160 946 cit
179 895 289 956 hostem,
308 894 347 946 sic
359 909 392 946 ex
409 891 542 947 defensore
556 893 698 946 senatoriae
712 909 806 946 causae
821 900 921 962 repente
985 895 986 966 ξ

124 979 251 1038 patronus
266 966 349 1037 plebis
367 967 462 1033 evasit3
488 976 513 1021 et
528 967 654 1021 adversus
671 975 786 1020 auctores
796 967 922 1037 potentiae
985 1033 986 1038 Ἰ

124 1059 197 1105 suae,
214 1041 341 1112 aquibus
357 1049 492 1095 revocatus
508 1042 535 1094 in
546 1042 666 1112 patriam,
684 1059 730 1112 per
743 1059 811 1112 quos
829 1041 856 1094 in
867 1057 924 1094 arce

123 1115 264 1168 collocatus
279 1114 369 1180 iuerat,
389 1133 439 1169 non
456 1115 543 1170 solum
559 1116 660 1186 plebem
676 1115 804 1178 accendit,
832 1133 923 1168 verum
985 1159 986 1164 ,

124 1191 202 1242 etiam
233 1188 420 1245 nefandissima
445 1207 566 1261 quaeque
590 1191 739 1264 tyrannicae
762 1189 924 1244 crudelitatis
985 1219 986 1238 i

123 1263 249 1316 exercuit.
283 1263 366 1336 Igitur
381 1265 477 1335 populo
491 1265 523 1318 ad
541 1268 689 1318 concionem
706 1272 794 1320 vocato
808 1282 889 1332 acque
899 1283 926 1318 sc
985 1253 986 1282 ¹

124 1343 278 1406 adfuturum
302 1343 414 1406 amplius
433 1345 566 1408 grassanti
584 1345 612 1393 in
623 1345 747 1407 populum
759 1344 862 1393 senatui
876 1339 925 1406 ait,·

125 1418 325 1468 intercessurum
339 1419 423 1474 etium,
439 1419 464 1468 ci
477 1420 505 1466 tn
519 1419 633 1481 pristinu
647 1419 758 1468 sueuitio
766 1423 925 1481 perseueret:

124 1493 194 1556 quod
203 1493 227 1542 si
233 1506 312 1556 pares
322 1505 349 1541 ae
359 1491 507 1544 crudelitati
515 1499 663 1542 senatorum
668 1491 863 1552 arbitrarentur,
868 1492 928 1540 cbi-

125 1572 213 1616 turum
224 1581 281 1616 cum
290 1567 414 1616 militibus
423 1567 477 1616 suis
487 1581 566 1631 neque
578 1566 929 1616 ciuilibusdiscordiisiuter-

127 1643 255 1691 futurum:
277 1643 318 1691 sin
335 1655 395 1691 uero
414 1641 534 1706 diffidant
547 1641 646 1691 viribus
656 1642 780 1704 propriis,
795 1640 930 1690 vindictae

125 1729 152 1764 se
167 1717 260 1765 ciuium
276 1729 326 1764 nou
340 1710 494 1780 defuturum.
524 1713 633 1765 Proinde
643 1715 777 1765 comittunt
787 1714 838 1764 sibi
848 1715 927 1776 ipsis:

125 1789 230 1839 iubeant
244 1789 316 1838 abire
328 1803 363 1847 sc,
381 1791 405 1838 si
414 1789 515 1849 mutiat,
527 1791 566 1838 ccl
577 1804 670 1840 consue
681 1788 818 1853 popularis
828 1789 931 1838 socium

125 1877 268 1912 remanere.
290 1858 336 1910 His
349 1859 434 1912 verbis
445 1861 579 1914 sollicitata
591 1859 664 1930 plebs
675 1877 812 1913 summum
826 1857 930 1912 adeum

125 1933 266 2003 imperium
284 1931 378 2000 delert3
401 1941 433 1997 et,
450 1934 515 1987 dum
532 1943 638 1988 senatus
653 1934 778 2005 potentiae
794 1933 927 1996 irascitur,

125 2008 152 2060 in
168 2006 318 2060 servitutem
336 2025 363 2060 se
376 2008 526 2080 tyrannicae
538 2009 723 2063 dominationis
734 2025 794 2062 cum
805 2007 932 2081 coniugi-

125 2082 176 2137 bus
190 2089 215 2134 et
225 2081 314 2136 liberis
326 2082 413 2136 tradit.
434 2083 517 2154 Igitur
527 2083 667 2138 Clearchus
678 2083 812 2155 sexaginta
824 2091 932 2136 senato-

125 2175 166 2210 res
177 2157 377 2227 comprehensos
391 2156 461 2228 (nam
471 2159 546 2210 ceteri
558 2161 586 2212 in
597 2158 686 2231 lugam
697 2156 791 2227 dilapsi
802 2157 889 2227 erant)
903 2157 932 2209 in

125 2231 230 2285 vincula
247 2231 401 2304 compingit.
431 2233 530 2286 Laetari
543 2233 625 2303 plebs,
638 2232 733 2305 quoda
744 2232 810 2286 duce
821 2232 936 2302 potissi-

124 2323 200 2358 mum
215 2315 364 2360 senatorum
375 2314 480 2360 senatus
491 2307 628 2370 deleretur,
641 2325 768 2379 versaque
781 2307 839 2360 vice
849 2306 938 2360 arixi-

125 2377 192 2429 lium
208 2396 298 2432 eorum
315 2381 341 2433 in
358 2381 468 2434 exitium
478 2399 634 2436 mnversum
645 2399 711 2436 esse.
742 2380 847 2446 Quibus
861 2380 936 2434 dum

125 2458 234 2502 mortem
250 2454 347 2520 passim
363 2455 487 2508 omnibus
499 2457 623 2520 minatur,
634 2457 730 2510 cariora
742 2473 833 2509 eorum
844 2455 939 2525 pretia

124 2520 197 2574 facit:
220 2525 352 2593 siquidem
368 2527 508 2582 Clearchus
518 2548 614 2602 magna
625 2531 746 2601 pecunia.
763 2529 940 2601 quasiminis

123 2592 216 2677 populi
230 2597 328 2651 occulte
342 2617 386 2653 cos
396 2603 586 2670 subtracturus,
599 2614 700 2676 accepta
712 2605 835 2678 spoliatos
846 2602 943 2658 fortu-

124 2679 166 2713 nis
179 2674 230 2718 vita
241 2685 348 2740 quoque
357 2673 488 2741 spoliavit.
