2022 3010
125 195 160 248 28
362 197 511 242 lusTInu
529 196 687 240 ntsron.

127 298 178 354 viri
194 304 277 352 eastra
293 297 500 368 quingentorum
514 295 630 348 millium
640 295 806 364 irrumpunt;
827 297 931 349 statim-

127 390 180 444 que
193 373 270 444 regis,
275 370 434 442 praetorium
448 377 547 439 petunt,
569 377 614 422 aut
628 387 690 422 oum
707 368 759 432 illo,
778 376 824 423 aut
839 371 862 423 si
877 371 929 441 ipsi

127 447 244 517 oppressi
266 453 359 508 essent,
385 444 412 497 in
432 443 517 513 ipsius
537 443 705 512 potissimum
721 443 782 497 sedo
795 445 928 500 morituri.

128 519 270 574 Tumultus
290 520 349 573 totis
368 519 459 571 eastris
481 519 571 571 oritur.
604 517 735 588 Spartani,
757 526 929 590 posteaquam

127 612 216 668 regem
230 611 282 648 non
293 593 441 656 inveniunt,
457 610 503 662 per
513 592 602 646 omnia
611 599 695 646 castra
706 593 815 646 victores
829 612 930 678 vagan-

128 681 183 723 tur:
205 668 317 723 oaedunt
332 674 504 738 sternuntque
513 684 614 720 omma:
636 667 723 737 utqui
733 668 825 732 soient,
841 685 869 722 se
879 685 930 738 pu-

127 761 209 816 gnare
219 761 271 798 nou
282 761 328 814 spe
338 742 467 804 victoriae,
478 741 524 794 sed
534 741 562 794 in
574 740 663 794 mortis
672 741 808 797 ultionem.
832 742 930 796 Proeli-

128 837 175 872 um
190 837 204 873 a
220 819 350 890 principio
363 817 446 871 noetis
457 816 484 870 in
495 815 619 868 maiorem
629 823 730 885 partem
743 816 795 870 diei
805 824 928 871 tractum.

127 894 169 947 Ad
183 902 343 964 postremum
355 891 488 954 marioli,
501 890 547 944 sed
558 889 686 944 vincendo
696 889 804 963 fatigati,
816 891 931 946 interiu-

127 977 218 1039 gentes
236 975 375 1020 stratorum
387 965 502 1019 hostium
513 971 628 1019 catervas
637 964 795 1020 oeciderunt.
816 966 929 1028 Xerxes,

128 1041 232 1095 duobus
257 1040 412 1094 vulneribus
433 1039 543 1092 terrestri
561 1038 658 1109 proelio
672 1041 796 1110 acceptis,
813 1041 928 1110 experiri

128 1115 209 1168 maris
220 1113 351 1168 fortunam
362 1113 460 1167 statuit.

183 1189 252 1244 Cur.
278 1189 337 1242 XII.
363 1185 414 1242 Sed
436 1186 637 1242 Atheniensium
657 1187 713 1241 dux
731 1187 929 1254 Themistoclert,

127 1281 213 1334 quum
223 1263 456 1326 animadvertisset,
468 1264 551 1325 Iones,
563 1269 667 1332 propter
680 1279 746 1333 quos
756 1261 857 1316 bellum
868 1265 926 1318 Per-

127 1355 218 1392 sarum
238 1345 418 1408 susoeperant,
438 1337 466 1390 in
480 1336 611 1390 auxilium
629 1337 698 1408 regis
713 1337 795 1390 classe
809 1337 928 1402 venisse,

128 1411 266 1466 sollicitare
285 1429 328 1466 eos
347 1412 374 1466 in
396 1419 481 1482 portes
498 1427 561 1464 suas
579 1411 678 1482 statuit,
711 1419 736 1464 et
749 1429 834 1483 quum
850 1411 930 1466 eollo-

128 1487 228 1559 quendi
238 1487 339 1557 copiam
350 1503 403 1540 non
413 1485 528 1550 haberet,
542 1502 596 1557 quo
607 1483 756 1555 applicitnri
765 1494 847 1550 eraut,
855 1505 930 1560 sym-

127 1561 202 1617 bolos
217 1561 336 1633 proponi,
347 1569 383 1615 et
397 1560 469 1614 saxis
483 1559 610 1631 pros'oribi
619 1568 705 1614 curat:
730 1560 801 1626 Quae
814 1579 868 1624 eos,
886 1563 930 1618 Io-

128 1655 181 1702 nes,
197 1641 324 1692 dementia
339 1635 423 1691 tenet?
443 1640 511 1705 qnod
525 1639 628 1705 [ricinus
638 1633 764 1704 opilatis?
784 1639 930 1690 bellumio-

127 1717 197 1781 serre
212 1715 273 1765 olim
291 1715 467 1766 conditoribus
480 1715 582 1773 vestris,
594 1727 677 1778 nuper
686 1714 764 1763 etiarn
773 1714 929 1773 vindicibus,

128 1784 267 1852 eopitotr's?
285 1785 326 1838 An
339 1789 396 1838 ideo
412 1789 512 1838 moenie
521 1794 607 1839 oestro
616 1788 784 1845 condidimus,
795 1793 824 1838 nt
836 1794 928 1849 essent,

128 1863 174 1928 qni
190 1867 281 1912 nostre
295 1856 427 1912 delerent?
452 1859 529 1922 Quid,
544 1865 568 1913 st
581 1876 633 1912 non
647 1863 709 1913 haee
719 1868 743 1912 et
751 1861 836 1912 Dario
842 1865 930 1927 prius,

128 1941 152 1988 et
166 1950 234 1986 nnnc
244 1933 341 1995 Xeran',
354 1935 414 1985 belle¹
424 1949 519 1986 caussa
528 1936 660 1986 nobiseum
668 1939 743 2002 soret,
755 1938 823 2002 qnod
832 1951 878 1988 eos
889 1952 927 1987 re-

128 2008 250 2060 bellantes
265 2024 317 2060 non
331 2004 512 2061 destituimus?
530 2007 599 2072 Quin
613 2025 658 2061 eos
667 2011 767 2061 introeo
779 2017 870 2062 nostra
885 2026 933 2062 en-

126 2091 184 2137 stro
200 2099 234 2136 en
244 2086 296 2136 iste
306 2084 435 2135 obsidione
446 2079 583 2134 transitis?
592 2082 676 2135 Antei
685 2085 835 2149 bosporum
848 2090 932 2136 tactam

128 2166 173 2220 est,
188 2165 217 2211 ot
229 2174 275 2211 eos
285 2160 418 2212 commisso
424 2159 524 2224 proelio
534 2160 569 2210 ite
579 2161 676 2219 cessim,
688 2159 797 2210 inhibete
807 2161 895 2220 remis,
907 2166 933 2210 et

127 2251 145 2286 n
164 2235 228 2285 hello
247 2235 377 2286 discedite.
407 2229 474 2283 Ante
493 2229 595 2284 navalis
611 2229 702 2301 proelii
717 2231 931 2302 oongressionem

128 2306 234 2360 miserat
247 2306 348 2359 Xerxes
363 2312 476 2375 quatuor
489 2303 571 2358 millia
587 2311 746 2358 armatorum
761 2303 884 2374 Delphos,
898 2305 933 2358 ad

127 2378 257 2450 templum
276 2377 407 2449 Apollinis
426 2378 619 2448 diripiendum:
645 2396 767 2449 prorsus,
783 2379 859 2450 quasi
877 2397 931 2433 non

127 2471 188 2507 cum
200 2452 305 2507 Graecis
315 2459 427 2516 tantum,
442 2453 489 2506 sed
498 2460 523 2505 et
532 2469 593 2506 cum
603 2453 655 2506 diis
665 2452 867 2516 immortalibus,
875 2454 934 2507 bel-

127 2526 184 2578 lum
199 2533 312 2597 gereret:
332 2543 401 2596 quae
418 2543 513 2581 manus
528 2533 579 2580 tota
595 2527 726 2581 imbribus
737 2534 761 2580 et
770 2525 936 2581 fulminibus

127 2597 209 2650 deleta
222 2606 270 2662 est,
282 2604 311 2652 ut
322 2597 484 2670 intelligeret,
500 2616 582 2670 quam
592 2600 680 2654 nullae
691 2609 778 2655 essent
787 2601 933 2657 hominum

124 2667 254 2723 adversus
272 2671 334 2726 deos
348 2672 427 2726 vires.
458 2673 519 2726 Post
533 2673 597 2728 haee
613 2675 748 2745 Thespiae,
764 2683 789 2729 et
803 2675 936 2740 Plataeas,
