1998 3006
144 165 193 220 III
377 169 528 216 IUSTINI
546 170 703 216 HISTOR.

344 367 542 424 LIBER
591 369 744 426 XVIII.

437 493 648 520 ———'=-'¹——·⁸—-.
992 453 993 512 i

140 575 163 612 A
167 575 186 610 R
194 575 218 612 G.
233 576 282 624 cap.
292 581 309 614 1.
318 580 337 613 2.
350 577 425 628 Pyrrhi
440 591 484 616 curn
495 580 592 616 Romanis
601 579 684 616 bellum.
700 583 718 616 3.
728 579 759 615 De
770 575 943 626 Cartlnginienei-

187 651 222 675 um
232 639 316 687 origine.
331 643 413 679 eane
423 643 478 692 Tyro
490 649 509 679 et
518 643 592 688 Elissa,
603 639 846 688 eonditoreCartlraginia.
860 643 877 676 ⁶.
887 641 943 677 Elis·
992 643 993 694 J

189 715 222 740 m
231 703 302 740 fatum·
319 711 337 743 7.
349 706 521 753 Carthaginienses
531 705 552 742 in
560 704 660 742 Sardinia.
676 703 778 743 Malcltus.
793 703 894 740 Carthalo.

199 777 273 842 Cur.
294 789 313 842 1.
334 789 417 865 Igitur
435 788 563 862 Pyrrhus
584 805 630 842 rex
651 786 739 857 Epiri.
757 805 842 858 quum
857 787 944 841 iterata

142 861 345 918 Tarentinorum
360 864 486 936 legatione
501 862 596 917 additis
614 861 773 916 Samnitium
788 868 813 914 et
825 862 946 915 Lucano·
992 859 993 924 l

143 955 204 991 rum
219 939 350 1007 precibus,
366 946 391 991 et
405 939 470 1009 ipsis
487 937 586 992 auxilio
595 937 722 990 adversus
732 937 863 990 Romanos
874 936 947 990 indi·
992 943 993 1002 l

141 1013 277 1084 gentibus,
289 1011 448 1082 fatigaretur,
461 1010 946 1082 nontamsupplicumprecibusquam
992 1047 993 1060 2

142 1103 189 1156 spe
198 1086 341 1140 invadendi
347 1086 435 1140 ltaliae
445 1088 549 1158 imperii
560 1087 683 1140 inductus
695 1093 834 1140 venturum
846 1103 873 1140 se
882 1103 947 1138 curn

141 1161 258 1214 exercitu
277 1160 424 1231 pollicetur.
458 1163 589 1234 inquam
610 1179 664 1215 rem
687 1159 845 1215 inclinatum
863 1160 946 1214 semel
992 1163 993 1234 ᾗ

140 1234 263 1288 animum
282 1235 448 1306 praecipitem
468 1253 544 1310 agere
563 1235 698 1307 coeperant
719 1235 839 1306 exempla
862 1235 950 1290 maio-

141 1326 217 1363 rum:
240 1328 273 1364 ne
287 1317 332 1364 aut
346 1310 453 1364 inferior
466 1320 560 1382 patruo
574 1329 622 1364 suo
634 1309 784 1365 Alexandro
802 1310 947 1376 videretur,
992 1307 993 1394 l

140 1401 196 1456 quo
205 1383 339 1440 defensore
351 1385 432 1440 iidem
443 1385 575 1440 Tarentini
589 1385 715 1440 adversus
724 1385 837 1438 Bruttios
848 1386 891 1438 usi
905 1385 951 1439 Iu·
992 1399 993 1422 ³

140 1466 229 1528 erant;
251 1467 297 1515 aut
306 1461 420 1515 minores
430 1461 532 1516 animos
543 1463 639 1534 Magno
649 1459 799 1515 Alexandro
809 1460 948 1534 habuisse,
992 1459 993 1530 l

141 1535 191 1606 qui
202 1542 255 1590 tam
267 1535 343 1611 longa
354 1555 367 1590 a
381 1537 459 1590 domo
470 1535 563 1590 militia
574 1535 705 1590 Orientem
716 1535 832 1608 subegit.
863 1535 952 1608 Igitur
992 1541 993 1544 ’

143 1609 231 1666 relicto
250 1611 356 1669 custode
374 1612 449 1686 regni
469 1611 522 1665 lilio
537 1609 682 1664 Ptolemaeo
695 1627 778 1664 annos
793 1609 952 1681 quindecim

5 1705 13 1712 ·
57 1701 77 1707 ““
143 1692 205 1738 nato
217 1687 360 1740 exercitum
372 1687 484 1757 inportu
495 1686 634 1740 Tarentino
644 1684 759 1756 exponit,
772 1684 879 1739 dnobus
890 1703 954 1756 par-

143 1758 216 1812 vulis
231 1761 301 1824 filiis,
318 1761 468 1814 Alexandro
481 1768 506 1814 et
520 1761 625 1823 Heleno,
643 1761 670 1813 in
685 1759 774 1813 solatia
787 1759 955 1833 longinquae

142 1849 233 1885 secum
257 1833 431 1904 expeditionis
455 1835 582 1888 adductis,
613 1835 695 1889 Cuius
720 1834 811 1888 audito
832 1835 953 1888 adventu

141 1905 234 1960 consul
251 1909 385 1962 Romanus
399 1908 520 1963 Valerius
534 1910 667 1964 Laevinus
681 1908 816 1974 festinans,
833 1917 863 1963 ut
873 1909 956 1980 prius

142 1997 204 2034 oum
220 1999 250 2036 eo
265 1983 474 2056 congrederetur,
494 2002 575 2055 quam
592 1985 691 2038 auxilia
705 1984 836 2038 sociorum
852 2001 958 2037 conve-

144 2057 241 2122 nirent,
264 2055 411 2112 ¹exercitum
431 2058 459 2111 in
479 2059 561 2113 aciem
576 2059 672 2114 educit.
702 2060 756 2112 Nee
772 2077 828 2124 rex,
844 2058 958 2112 tametsi

143 2150 255 2187 numero
267 2132 382 2187 militum
398 2131 503 2188 inferior
517 2141 598 2198 esset,
614 2133 749 2188 certamini
764 2151 865 2188 moram
883 2132 957 2186 iecit.

142 2207 195 2262 Sed
209 2209 339 2262 Romanos
350 2207 957 2280 vincentesiaminvisitataanteelephantorum

143 2280 227 2335 forma
243 2291 345 2354 stupere
355 2283 450 2354 prime,
466 2301 528 2337 mox
538 2284 627 2338 cedere
640 2283 737 2354 proelio
746 2284 844 2357 coegit3
868 2283 960 2336 victo-

144 2371 240 2423 resque
250 2357 303 2408 iam
315 2375 382 2411 nova
393 2358 565 2412 Macedonum
576 2367 690 2412 monstra
701 2367 807 2429 repente
818 2357 957 2412 vicerunt.
992 2381 993 2414 t

144 2427 322 2482 Neehostibus
337 2432 472 2485 incruenta
483 2433 588 2486 victoria
605 2432 662 2487 luit.
693 2435 760 2487 Nam
776 2433 869 2503 etipse
886 2433 960 2506 Pyr·
992 2463 993 2502 3

143 2497 209 2571 rhus
222 2501 337 2570 graviter
348 2503 501 2559 vulneratus
511 2513 549 2558 est
558 2515 583 2559 et
591 2525 687 2580 magna
697 2525 758 2578 pars
768 2507 890 2561 militum
898 2509 960 2560 eius
992 2521 993 2582 i

142 2585 230 2652 caesa:
252 2575 431 2646 maioremque
446 2578 559 2649 gloriam
573 2581 631 2635 eius
645 2582 768 2636 victoriae
783 2600 867 2653 quarn
881 2581 962 2635 laeti·
992 2583 993 2658 l

143 2647 208 2694 tram
227 2644 330 2699 habuit.
360 2649 447 2703 Huius
460 2669 566 2724 pugnae
581 2663 705 2710 eventum
719 2655 817 2712 multae
831 2655 964 2712 civitates
992 2659 993 2730 l
