2016 3028
296 209 367 257 LIB.
387 211 482 260 xxw.
503 213 584 261 cAP.
604 213 630 259 2.
813 210 858 262 ttt

61 310 133 367 caede
143 327 255 366 suorum
265 328 350 382 posse,
364 313 490 385 coniuges
504 321 530 368 et
542 312 637 370 liberos
646 329 708 368 suos
719 313 860 380 trucidant,

60 386 173 458 auspicia
188 385 251 439 belli
267 386 430 457 aparricidio
444 389 607 460 incipientes.
636 389 718 442 Tanta
729 389 814 443 rabies
824 389 862 445 ie·

11 515 12 520 ,
60 479 97 516 ros
113 461 219 515 animos
230 459 368 525 invaserat,
386 469 416 515 ut
426 480 478 516 non
489 470 623 534 parcerent
632 463 716 528 aetati,
728 463 860 518 cuiatiam

59 535 143 591 hostes
155 535 342 606 pepercissent,
357 535 512 609 bellumque
522 537 713 592 internecivum
723 555 784 592 cum
794 538 862 593 libe-

59 611 91 664 ris
110 609 309 681 liberorumque
328 610 456 664 matribus
471 620 597 684 gererent,
619 629 667 683 pro
677 613 777 683 quibus
791 613 859 668 bella

58 685 156 755 suscipi
166 683 260 738 solent.
285 685 376 756 Itaque
385 685 462 756 quasi
472 686 567 740 scelere
577 686 658 741 vitam
669 686 860 758 victoriamque

10 799 11 818 r
58 759 236 822 redemissent,
244 757 390 812 sicuterant
397 761 497 815 cruenti
507 779 540 815 ex
551 761 646 814 receuti
656 761 857 826 suorumcaede,

10 863 11 866 =
58 835 82 890 ln
104 833 235 905 Proelium
255 850 307 886 nou
326 833 433 888 meliore
451 843 638 906 eventuquam
653 835 742 889 omine
755 835 860 906 profici-

10 947 11 954 ,
56 916 180 964 scuutur:
195 907 328 978 siquidem
338 917 486 981 pugnantes
497 909 572 980 prius
582 909 781 980 parricidiorum
792 908 860 963 iuri-

10 987 11 996 ’
57 1001 171 1055 aequam
181 983 269 1036 hostes
278 982 485 1051 circumvenere,
496 985 752 1056 obversantibusque
763 992 821 1038 ante
830 1001 860 1038 0-

56 1057 857 1114 culosmanibusinteremtorumomnesoccidionecaesi.Tan·

56 1142 77 1188 te
91 1141 191 1207 strages
207 1131 264 1196 luit,
282 1141 311 1186 ut
322 1133 416 1204 pariter
426 1150 487 1188 cum
498 1134 652 1188 bominibus
662 1135 698 1188 dii
710 1135 859 1188 consensis-

10 1253 11 1280 ,
55 1209 119 1262 sein
131 1208 242 1262 exitium
256 1207 447 1278 parricidarum
457 1208 616 1264 viderentur.
647 1210 796 1264 Posthuius
807 1228 858 1281 pu-

54 1299 122 1356 gnae
131 1297 255 1336 eventum
268 1282 429 1337 Ptolemaeus
439 1290 463 1336 et
473 1284 593 1355 Spartani
604 1285 728 1338 victorem
739 1285 856 1340 hostium

53 1359 198 1412 exercitum
209 1357 367 1411 declinantes
378 1359 405 1412 in
418 1359 509 1412 tutiora
520 1376 549 1412 se
558 1359 694 1430 recipiunt.
707 1359 857 1432 Antigonus

53 1451 161 1506 quoque
176 1433 223 1486 ubi
237 1450 328 1486 eorum
342 1432 488 1486 discessum
504 1433 586 1498 videt,
606 1434 702 1488 recenti
717 1434 804 1488 adhuc
823 1451 857 1488 ex

51 1509 133 1579 priori
145 1508 251 1563 victoria
262 1507 377 1561 militum
389 1508 479 1562 ardore
489 1507 588 1563 bellum
598 1508 803 1564 Atheniensibus
811 1509 857 1562 in·

51 1583 108 1637 fert.
138 1584 168 1636 ln
182 1599 236 1654 quo
247 1599 331 1654 quum
342 1591 482 1654 occupatus
492 1591 568 1648 esset,
581 1583 686 1636 iuterim
696 1582 853 1648 Alexander,

50 1677 97 1712 rex
110 1658 195 1728 Epiri,
211 1656 302 1710 ulcisci
320 1668 429 1710 mortem
444 1658 525 1729 patris
538 1657 633 1732 Pyrrhi
648 1657 766 1728 cupieus,
790 1657 856 1712 fines

50 1733 219 1787 Macedoniae
228 1731 410 1803 depopulatur.
435 1733 571 1788 Adversus
583 1750 663 1804 quem
672 1749 759 1804 quum
768 1749 855 1786 rever-

51 1827 97 1862 sus
108 1827 122 1862 a
134 1807 242 1862 Graecia
257 1808 405 1879 Antigonus
420 1816 495 1878 esset,
513 1808 664 1862 transitione
678 1807 794 1861 militum
810 1806 856 1862 de-

49 1883 168 1947 stitutus,
181 1899 292 1954 regnum
305 1883 468 1937 Macedoniae
478 1900 539 1936 cum
549 1883 665 1937 exercitu
674 1883 778 1950 amittit.
799 1883 855 1938 Hu-

49 1959 93 2012 ius
105 1957 178 2011 lilius
188 1957 342 2021 Demetrius,
350 1975 415 2028 puer
425 1957 578 2021 admodum,
586 1958 692 2024 absente
701 1966 856 2030 patrerepa-

49 2040 104 2087 rato
114 2032 241 2096 exercitu,
259 2049 309 2084 nou
325 2033 411 2086 solum
421 2033 545 2086 amissam
557 2033 733 2087 Macedoniam
748 2033 851 2104 recipit3

49 2125 144 2162 verum
165 2106 243 2160 etiarn
259 2106 333 2177 Epiri
350 2124 431 2180 regno
444 2107 624 2161 Alexandrum
638 2107 740 2178 spoliat.
772 2108 854 2161 Tanta

49 2183 90 2236 vel
102 2181 237 2236 mobilitas
246 2181 360 2236 militum
372 2181 411 2236 vel
424 2181 541 2236 fortunae
550 2183 662 2236 varietas
671 2189 733 2245 erat,
741 2180 855 2236 ulvicis-
874 2200 876 2204 ’

49 2257 100 2311 sim
112 2275 188 2332 reges
198 2273 270 2310 nuno
279 2257 383 2310 exsules
395 2273 466 2310 nunc
477 2275 549 2330 reges
562 2257 722 2311 viderentur.

103 2333 173 2388 Car.
197 2331 242 2384 lll.
263 2331 346 2402 igitur
360 2330 520 2397 Alexander,
537 2349 622 2403 quum
637 2329 713 2385 exsul
728 2328 761 2384 ad
775 2328 855 2386 Acar-

49 2425 132 2461 nanas
150 2404 320 2478 confugisset,
342 2422 394 2460 non
416 2407 515 2460 minore
537 2407 705 2477 Epirotarum
725 2405 854 2460 desiderio

48 2499 130 2552 quarn
141 2480 273 2535 sociorum
285 2479 384 2535 auxilio
394 2481 421 2534 iu
432 2499 543 2554 mgnum
555 2481 706 2535 restituitur.
725 2481 854 2534 Paridem

49 2565 153 2627 tempus
169 2573 216 2609 rex
231 2555 394 2628 Cyrenarum
409 2557 498 2628 Megas
513 2555 625 2610 decedit:
648 2555 696 2627 qui
709 2553 854 2608 auteinfir·

10 2671 11 2694 ,
48 2633 165 2686 mitatem
186 2629 345 2695 Beronicem,
368 2630 473 2684 unicam
495 2629 586 2695 filiam,
608 2629 642 2683 ad
662 2627 776 2682 finienda
791 2643 853 2678 curu

10 2749 11 2752 ,
47 2705 195 2762 Ptolemaeo
208 2703 286 2759 fratre
298 2705 439 2760 certamina
456 2703 510 2759 lilio
523 2705 581 2760 eius
591 2701 774 2773 desponderat.
802 2697 854 2750 Sed
