1998 3006
107 164 110 171 '
193 175 201 189 ⁴
297 186 369 230 ara.
390 187 470 233 xvn.
493 189 572 233 cnr.
594 188 617 234 a.
808 186 857 236 443

61 283 256 338 constituuntur.
278 285 394 340 Athenas
404 288 855 361 quoqueerudiendigratiamissus

62 358 156 423 Quanto
171 358 270 413 doctior
285 361 429 415 maioribus
443 363 508 427 suis,
526 369 596 416 tanto
610 372 635 416 et
648 363 745 436 gratior
760 365 858 435 populo

61 431 115 486 luit.
144 434 250 488 Primus
264 435 352 506 itaque
364 436 432 508 leges
442 445 466 490 ot
476 446 595 491 senatum
606 455 762 509 annuosque
773 439 858 512 magi-

61 515 150 561 stratus
160 516 184 561 et
194 509 353 579 reipublicae
363 509 473 565 formam
485 513 644 582 composuit.-
657 519 681 565 et
691 520 745 566 uta
756 515 857 585 Pyrrho

13 647 14 656 ἵ
61 582 138 646 sedes,
151 581 189 635 sic
198 584 250 637 vita
261 584 354 638 cultior
364 586 461 656 populo
472 604 486 640 a
497 587 632 660 Tharryba
645 594 750 640 statuta.
771 588 857 642 Huius

13 667 14 692 ³
60 657 127 710 lilius
143 657 327 728 Neoptolemus
338 659 400 718 suit:
413 679 445 714 ex
455 679 509 732 quo
520 668 579 715 nata
589 669 628 714 est
638 659 785 733 Olympias
800 681 858 716 ma·
905 699 907 702 -

13 735 14 780 ζ
59 731 243 785 terAlexandri
254 734 351 806 Magni¹
364 741 389 787 et
398 734 554 798 Alexander,
562 735 857 806 quiposteumregnum

57 805 126 876 Epiri
148 807 231 860 tenuit
254 807 320 862 etin
335 809 406 862 ltalia
421 809 489 863 bello
503 817 575 882 gesto
592 809 617 863 in
627 809 735 862 Bruttiis
746 809 860 864 interiit..

57 881 114 934 Post
127 880 184 934 eius
200 889 310 935 mortem
328 881 405 937 irater
419 883 542 938 Aeacides
557 901 638 956 regno
652 883 791 948 successit,
809 885 857 955 qui

13 959 14 984 ³
57 954 172 1008 adsiduis
197 955 323 1010 adversus
347 958 501 1013 Macedonas
520 958 649 1013 bellorum
669 957 857 1013 certaminibus

55 1030 183 1100 populum
197 1029 330 1102 fatigando
343 1033 467 1087 offensam
484 1033 583 1087 civium
594 1033 735 1098 contraxit;
758 1050 788 1086 ac
798 1051 859 1104 pro-

55 1113 138 1174 pterea
149 1105 176 1158 in
187 1105 311 1160 exsilium
323 1114 395 1160 actus
406 1108 537 1180 Pyrrhum
549 1108 633 1162 filiurn
645 1107 749 1161 bimum
765 1107 857 1162 admo-

55 1179 116 1232 dum
124 1177 288 1254 [parvulum]
299 1181 326 1234 in
338 1199 419 1254 regno
429 1181 545 1253 reliquit.
566 1183 618 1248 Qui
630 1183 729 1253 etipse,
745 1201 830 1254 quum
841 1201 856 1238 a

13 1287 14 1290 =
53 1254 150 1325 populo
159 1261 263 1325 propter
272 1255 364 1310 odium
375 1257 456 1327 patris
470 1257 503 1310 ad
514 1275 602 1310 necem
611 1265 788 1328 quaereretur,
801 1256 857 1312 lur-

54 1329 98 1382 tim
113 1328 264 1383 subtractus
279 1328 306 1384 in
322 1329 427 1403 Illyrios
441 1331 567 1398 desertum
589 1331 858 1403 traditusquoestbe-

52 1421 118 1468 roae,
131 1403 256 1458 Glauciae
271 1405 341 1478 regis
351 1406 438 1470 uxori,
452 1406 618 1470 nutriendus
631 1423 699 1477 quae
709 1414 733 1458 et
744 1407 799 1475 ipsa
811 1425 857 1478 ge-

51 1479 120 1532 neris
131 1478 305 1533 Aeacidarum
315 1488 378 1536 erat.
398 1481 437 1535 Ibi
452 1499 513 1535 eum
527 1498 574 1534 seu
588 1479 765 1533 misericordia
776 1479 857 1533 lortu-

51 1571 97 1608 nae
112 1554 172 1607 eius
186 1572 233 1608 seu
244 1553 408 1609 infantilibus
420 1554 607 1609 blandimentis
618 1553 742 1606 inductus
752 1570 799 1626 rex
810 1553 857 1606 ad-

51 1646 159 1682 versum
178 1629 366 1694 Cassandrum,
382 1629 548 1684 Macedoniae
562 1645 659 1700 regern,
676 1627 723 1697 qui
734 1643 794 1678 enm
806 1627 856 1680 sub

50 1702 111 1757 belli
127 1701 333 1758 comminatione
349 1704 511 1775 deposcebat,
529 1704 576 1758 diu
593 1702 714 1772 protexit,
731 1699 818 1754 addito
830 1702 855 1754 in

50 1779 183 1832 auxilium
198 1778 276 1832 etiam
294 1779 441 1850 adoptionis
453 1777 546 1832 olfacio.
577 1777 681 1842 Quibus
699 1776 778 1830 rebus
792 1776 856 1829 moti

49 1852 171 1924 Epirotae
181 1853 244 1921 odio
252 1854 279 1908 in
290 1854 495 1908 misericordiam
507 1871 581 1907 verso
591 1867 721 1906 annorum
733 1850 856 1905 undecim

50 1945 109 1982 eum
125 1929 154 1984 in
170 1946 284 2002 regnum
299 1937 495 1993 revocaverunt,
515 1927 582 1982 datis
596 1927 736 1990 tutoribus,
753 1925 801 1997 qui
816 1943 857 1979 re-

49 2020 132 2074 gnum
148 2021 237 2075 usque
252 2002 367 2058 adultam
383 2005 440 2058 eius
463 2010 570 2057 aetatem
585 2008 727 2055 tuerentur.
761 1999 857 2053 Adole-

49 2095 124 2132 scens
134 2077 233 2132 deinde
242 2077 327 2131 multa
335 2077 401 2132 bella
408 2079 489 2150 gessit
497 2096 502 2136 ;
511 2085 856 2147 tantusquererumsucnes-

47 2169 79 2206 su
94 2153 189 2208 haberi
203 2165 310 2224 coeptus
324 2161 370 2215 est,
383 2160 412 2206 ut
421 2152 573 2207 Tarentinos
582 2150 655 2206 solus
664 2149 792 2205 adversus
802 2147 855 2200 llo-

47 2243 141 2284 manos
152 2227 221 2284 tueri
233 2244 310 2299 posse
319 2227 459 2284 videretur.

343 2402 568 2431 &mv-
