2022 3010
366 175 438 220 LIB.
458 175 481 219 I.
514 175 594 222 cnP.
615 176 641 221 4.
893 172 909 223 5

103 289 151 326 rex
159 271 329 326 constituitur
339 273 486 328 interfector
495 276 552 328 eius
561 274 699 341 Arbaotus,
707 274 755 348 qui
764 275 909 348 praefectus

103 346 243 402 Medorum
260 345 355 402 fuerat.
386 351 411 402 Is
431 350 573 421 imperium
587 349 621 404 ab
634 349 752 424 Assyriis
771 349 805 404 ad
819 350 909 405 Medos
1003 391 1004 394 ,

104 420 236 476 transfert,

159 495 227 551 Car.
239 497 284 552 lv.
296 497 356 551 Post
367 497 463 552 multos
474 498 568 553 deinde
578 516 652 572 reges
661 516 708 568 per
717 498 838 553 ordinem
848 515 908 552 suc—

104 570 231 624 cessionis
246 589 358 644 reguum
373 573 407 626 ad
420 573 553 646 Astyagen
567 573 711 628 descendit.
744 573 793 626 Hic
805 589 853 644 per
866 589 909 626 so·

104 663 202 699 mnum
218 645 284 699 vidit
297 663 330 700 ex
344 646 510 701 naturalibus
525 647 603 714 filiae,
615 665 697 718 quam
710 648 817 702 unicam
829 647 910 701 habe-

104 721 161 784 bat,
173 720 254 776 vitam
264 728 376 786 enatam,
392 721 469 776 ouius
479 721 587 793 palmite
596 722 683 776 omnis
693 721 755 775 Asia
765 721 910 775 obumbra-

105 801 188 848 retur.
214 793 334 852 Consulti
345 796 448 861 harioli,
460 797 594 851 arcadem
605 795 659 850 filia
669 803 788 866 nepotem
803 795 827 849 ei
837 793 910 849 lutu-

106 869 262 933 rum,cuius
273 870 427 942 magnitudo
437 871 645 942 praenuntietur,
658 871 787 944 regnique
795 870 819 922 ei
829 869 910 922 amis-

105 943 208 997 sionem
221 945 349 1014 portendi,
364 946 565 1016 responderunt.
596 947 649 1000 Hoc
663 962 787 1016 responso
800 943 910 998 exterri-

105 1025 160 1082 ωε,
175 1033 262 1088 neque
275 1018 344 1073 claro
354 1020 412 1074 viro
426 1038 512 1092 neque
521 1021 574 1075 civi
584 1020 676 1088 filiam,
689 1037 722 1074 ue
734 1027 840 1091 paterna
851 1037 910 1072 ma-

105 1099 234 1163 ternaque
243 1093 365 1148 nobilitas
375 1095 462 1164 nepoti
473 1095 575 1149 animos
586 1095 726 1160 extolleret,
734 1095 780 1148 sed
789 1113 822 1148 ex
832 1101 910 1164 gente

105 1167 219 1221 obscura
232 1174 296 1222 tunc
315 1170 440 1240 temporis
457 1169 609 1234 Persarum,
631 1169 766 1242 Cambysi,
784 1167 910 1222 mediocri

105 1241 173 1305 viro,
182 1241 210 1294 in
220 1243 418 1298 matrimonium
429 1243 540 1298 tradidit.
556 1244 594 1298 Ao
603 1262 636 1299 ne
646 1243 801 1315 sicquidem
812 1241 910 1297 somnii

104 1322 180 1370 metu
191 1315 316 1386 deposito,
323 1319 462 1390 gravidam
471 1318 505 1373 ad
513 1337 541 1373 se
552 1319 634 1372 liliam
644 1318 758 1382 arcessit,
766 1326 796 1371 ut
805 1318 856 1371 sub
866 1316 911 1370 avi

103 1389 277 1462 potissimum
290 1393 374 1448 oculis
388 1401 478 1464 partus
491 1401 636 1449 necaretur.
669 1395 752 1448 Natus
765 1391 853 1446 iulans
863 1389 912 1444 da-

104 1473 150 1519 tur
169 1465 328 1520 occidendus
347 1469 477 1540 Harpago,
499 1469 569 1542 regis
589 1464 734 1543 [amicoet]
754 1483 911 1520 arcanorum

104 1539 238 1611 participi.
262 1542 297 1606 la,
315 1541 422 1607 veritus,
438 1543 461 1596 si
472 1543 503 1596 ad
515 1542 598 1597 filiam
612 1549 715 1596 mortuo
726 1557 786 1612 rege
797 1539 911 1594 venisset

104 1615 260 1686 imperium,
268 1616 331 1686 quia
341 1616 447 1671 nullum
454 1617 583 1692 Astyages
588 1616 673 1671 virilis
683 1632 763 1670 sexus
773 1621 908 1688 genuerat,

106 1707 140 1743 ne
150 1687 196 1743 illa
208 1691 291 1743 necati
304 1689 411 1745 infantis
421 1691 558 1757 ultionem,
571 1709 677 1762 quama
691 1698 763 1761 patre
774 1707 825 1744 uon
835 1696 912 1760 potu-

104 1763 178 1828 isset,
194 1781 210 1818 a
225 1764 346 1819 ministro
358 1767 481 1838 exigeret,
497 1767 594 1837 pastori
608 1765 674 1839 regii
687 1765 787 1836 pecoris
797 1781 910 1836 puerum
923 1823 932 1834 ,

104 1838 294 1910 exponendum
304 1840 390 1894 tradit.
407 1843 483 1894 Forte
493 1841 584 1896 eodem
594 1849 709 1912 tempore
718 1847 743 1894 et
752 1840 803 1911 ipsi
814 1839 911 1910 pastori

105 1921 185 1968 natus
197 1912 342 1968 filiuserat.
372 1915 438 1970 Eius
450 1915 531 1988 igitur
540 1934 616 1982 uxor,
629 1915 717 1970 audita
728 1915 793 1988 regii
804 1913 912 1968 infantis
1003 1905 1004 1924 ¹

103 1987 278 2059 expositione,
290 1990 404 2043 summis
415 1991 535 2060 precibus
545 1999 627 2064 rogat,
640 1989 788 2044 sibinllerri
796 1988 913 2043 ostendi-

104 2080 160 2134 que
169 2079 294 2132 puerum.
323 2063 406 2118 Cuius
416 2065 538 2135 precibus
548 2065 671 2139 fatigatus
681 2072 778 2136 pastor,
790 2081 913 2117 reversus

103 2137 134 2192 iu
144 2137 253 2201 silvam,
268 2137 371 2192 invenit
379 2139 453 2193 iuxta
464 2139 590 2194 infantem
601 2157 693 2195 canem
703 2137 839 2200 feminam,
851 2154 914 2208 par-

103 2210 172 2266 vulo
182 2212 263 2266 ubera
272 2213 449 2283 praebentem,
462 2223 486 2268 et
499 2233 513 2268 a
527 2213 588 2269 ieris
598 2215 759 2284 alitibusque
771 2210 914 2266 defenden-

103 2293 170 2340 tem.
205 2287 293 2341 Motus
312 2294 338 2340 et
355 2288 412 2358 ipse
431 2290 621 2353 misericordia,
642 2305 696 2360 qua
716 2295 814 2342 motam
834 2287 913 2353 etiam

102 2377 199 2416 sanem
215 2359 330 2426 viderat,
349 2379 464 2433 puerum
479 2363 560 2418 desert
576 2365 610 2418 ad
623 2361 735 2427 stabula,
747 2362 838 2417 eadem
850 2377 916 2415 cane

103 2434 186 2490 anxie
199 2445 383 2508 prosequente.
414 2437 498 2504 Quem
513 2438 562 2492 ubi
575 2439 603 2492 in
614 2455 725 2491 manum
735 2435 832 2490 mulier
842 2449 915 2514 acce-

102 2510 153 2580 pit,
172 2509 256 2564 veluti
270 2510 303 2564 ad
316 2518 405 2566 notam
420 2530 486 2582 puer
500 2511 602 2566 allusit:
624 2518 766 2579 tantusque
779 2509 807 2560 in
818 2505 864 2558 illo
873 2521 915 2583 ν)-
960 2570 965 2580 ¹

103 2601 153 2656 gor
164 2592 190 2638 et
199 2583 286 2638 dulcis
296 2586 407 2656 quidam
418 2586 578 2640 blandientis
588 2584 696 2638 infantis
705 2583 777 2635 risus
782 2579 912 2654 appartet,

105 2664 135 2712 ut
150 2666 284 2730 pastorem
301 2677 368 2715 uxor
382 2660 452 2715 ultro
465 2667 577 2732 rogaret,
593 2674 674 2712 suum
687 2659 794 2724 partum
808 2661 856 2718 pro
870 2641 917 2694 1110
