1984 3010
322 183 394 228 LIB.
414 183 483 228 XVI.
503 183 586 228 cAP.
607 183 633 228 4.
830 178 879 229 437

77 283 188 337 latorum
205 281 328 352 auspiciis
339 282 367 336 in
376 300 419 336 eas
430 282 503 336 sedes
514 281 592 336 delati
602 289 683 346 erant,
696 281 770 336 brevi
778 288 882 354 tempo-

79 375 105 410 re
114 373 225 428 magnas
235 374 297 426 opes
307 374 439 427 paravere.
461 357 542 411 Multa
551 356 645 410 deinde
656 356 737 410 huius
747 357 822 410 urhis
832 357 880 411 ad-

78 449 170 484 versus
181 430 307 484 finitimos
317 430 394 495 bella,
408 431 878 485 multaeetiamdomesticaedissensi·

77 523 139 559 ones
155 504 237 558 luere.
266 506 334 558 luter
350 515 432 559 cetera
449 505 589 578 magnifica
603 504 644 558 vel
663 506 801 577 praecipue
811 505 879 560 illud

78 579 247 634 memorabile
262 578 320 633 tuit.
351 579 440 645 Quum
451 598 538 633 rerum
552 580 697 650 potirentur
707 578 880 634 Athenienses

80 654 208 724 victisque
221 654 305 706 Persis
320 653 442 708 Graeciae
456 662 481 708 et
494 654 571 708 Asiae
587 655 714 708 tributum
733 655 761 707 in
771 655 877 710 tutelam

77 729 169 782 classis
190 727 397 798 descripsissem,
418 729 544 782 omnibus
558 729 653 798 cupide
669 728 703 780 ad
716 729 879 798 praesidium

77 803 171 857 salutis
188 819 251 856 suae
266 801 459 856 conferentibus
475 802 524 856 soli
537 801 714 856 Heraclienses
724 803 757 856 ob
768 803 881 856 amiciti-

78 896 121 932 am
136 894 230 949 regum
247 877 410 930 Persicorum
425 875 588 930 collationem
599 877 752 931 abnuerant.
782 877 882 932 Missus

77 953 167 1024 itaque
177 950 211 1004 ab
222 951 425 1005 Atheniensibus
436 951 584 1006 Lamachus
596 969 658 1006 cum
668 951 782 1005 exercitu
792 951 824 1006 ad
834 969 878 1006 ex-

80 1025 256 1098 torquendum
272 1025 343 1096 quod
359 1027 511 1098 negabatur,
528 1026 593 1080 dum
604 1026 700 1080 relictis
711 1027 738 1080 io
750 1025 823 1080 litore
833 1043 883 1080 nav

81 1102 159 1155 vibus
170 1117 247 1173 agros
256 1099 461 1154 Heracliensium
472 1101 620 1171 populatur,
633 1100 743 1155 classem
752 1118 813 1155 cum
823 1119 882 1155 ma-

81 1175 132 1230 iore
151 1183 225 1245 parte
246 1175 376 1232 exercitus
398 1174 535 1248 nauh-agio
555 1177 704 1246 repentinae
722 1177 880 1246 tempestatis

80 1250 176 1303 amisit.
210 1251 300 1320 ltaque
313 1265 398 1320 quum
413 1267 499 1320 neque
513 1251 579 1304 mari
595 1258 681 1321 posset
691 1251 795 1304 amissis
806 1251 877 1304 navi·

82 1325 140 1389 bus,
153 1341 240 1395 neque
251 1331 316 1378 terra
327 1323 433 1377 auderet
441 1341 502 1376 cum
513 1341 593 1394 parva
604 1343 684 1378 manu
697 1325 765 1378 inter
774 1325 882 1378 totlero-

80 1399 199 1452 cissimas
208 1407 299 1470 gentes
309 1398 415 1452 reverti:
428 1393 604 1453 heraclienses
614 1399 787 1453 honestiorem
803 1400 885 1453 beno·

82 1473 132 1527 ficii
150 1489 231 1544 quam
248 1471 355 1526 ultionis
370 1473 533 1526 occasionem
545 1473 592 1527 rati
604 1473 742 1526 instructos
752 1490 886 1526 commea·

81 1549 150 1602 tibus
166 1547 327 1618 auxiliisque
342 1547 486 1610 dimittunt,
508 1547 573 1600 hene
583 1565 706 1619 agrorum
716 1563 826 1600 suorum
837 1563 886 1616 po-

82 1623 242 1692 pulationem
253 1621 398 1692 impensam
412 1622 601 1686 existimantes
613 1621 644 1684 si,
657 1638 724 1692 quos
735 1621 821 1674 hostes
835 1620 885 1674 ha-

82 1697 200 1761 buerant,
214 1697 311 1750 amicos
324 1696 507 1749 reddidissent.

135 1772 205 1826 Car.
227 1771 272 1824 lV.
294 1771 366 1824 Passi
379 1779 441 1824 sunt
455 1770 523 1823 inter
537 1768 652 1841 plurima
667 1769 735 1823 mala
749 1769 827 1823 etiam
843 1776 887 1842 ty·

83 1846 218 1900 rannidem
228 1865 233 1899 :
245 1845 377 1916 siquidem
388 1862 472 1916 quum
485 1843 559 1915 plebs
570 1851 594 1898 et
605 1861 686 1898 novas
696 1844 799 1898 tabulas
809 1852 833 1898 et
843 1845 888 1899 di-

86 1920 212 1974 visionem
224 1937 347 1992 agrorum
362 1919 476 1974 divitum
487 1919 640 1990 impotenter
650 1917 784 1992 flagitaret,
796 1920 842 1974 diu
856 1937 887 1972 re

86 1993 109 2048 in
128 2003 221 2050 senatu
233 2003 346 2058 tractata,
362 2011 447 2067 quum
458 1994 544 2048 exitus
554 1994 591 2048 rei
604 2011 656 2048 non
667 1994 838 2061 inveniretur,
851 1994 885 2048 ad

83 2078 244 2138 postremum
269 2069 396 2123 adversus
418 2067 521 2139 plebem
543 2069 624 2122 nimio
639 2069 690 2122 otio
706 2069 885 2122 lascivientem

84 2145 182 2199 auxilia
200 2163 215 2198 a
229 2144 375 2208 Timotheo,
392 2143 592 2197 Atheniensium
606 2143 682 2206 duce,
700 2160 763 2196 mox
773 2143 806 2195 ab
817 2143 887 2212 Epa-

82 2218 208 2273 minonda
228 2218 412 2272 Thebanorum
433 2219 556 2288 petivere.
591 2217 714 2287 Utrisque
728 2216 888 2288 negantibus

83 2293 119 2346 ad
137 2293 303 2356 Clearchum‚
323 2310 402 2364 quem
420 2293 470 2363 ipsi
485 2293 512 2346 in
523 2291 647 2346 exsilium
662 2298 777 2363 egerant,
794 2290 887 2345 decur-

82 2375 156 2421 runt.
186 2369 268 2421 Tanta
283 2367 460 2421 calamitatum
477 2367 615 2420 necessitas
626 2363 684 2429 tuit,
698 2373 736 2430 ut,
750 2365 793 2419 cui
806 2365 888 2436 patri-

2 2481 3 2510 ἕ
83 2457 130 2494 am
149 2442 346 2504 interdixerant,
367 2440 475 2494 eumad
492 2441 600 2495 tutelam
614 2441 712 2510 patriae
726 2446 885 2494 revocarent.

2 2513 3 2526 ¹
80 2513 138 2567 Sed
151 2515 301 2580 Clearchus,
318 2516 412 2570 exsilio
425 2515 592 2569 facinorosior
602 2515 719 2568 redditos
728 2522 752 2566 et
762 2511 890 2566 dissensi-

79 2605 164 2642 onem
178 2591 268 2661 populi
283 2591 444 2644 occasionem
460 2589 623 2642 invadendae
640 2585 787 2660 tyrannidis
798 2581 891 2634 existi-

77 2677 177 2730 mans,
198 2665 285 2736 primo
308 2668 400 2719 tacitus
414 2681 476 2716 cum
489 2661 647 2724 Mithridate,
663 2659 765 2714 civium
779 2667 889 2708 suorum
