2022 3010
344 190 416 234 LIB.
436 191 470 234 11.
492 191 573 236 GAP.
595 192 638 236 10.
859 187 896 239 25

92 297 131 343 tra
143 305 225 342 marm
237 288 329 352 tenuit,
341 305 389 342 neo
397 289 473 360 prius
483 290 592 354 dimisit,
604 307 685 361 quam
700 293 893 344 manumamit-

92 371 166 418 toret:
192 371 251 416 tum
271 379 389 434 quoque,
411 372 544 434 amputata
558 363 657 429 dextra,
676 383 770 420 navem
785 365 893 418 sinistra

91 437 302 508 comprehendit:
323 455 404 508 quam
419 445 444 491 et
455 439 539 508 ipsam
555 455 639 509 quum
651 441 790 503 amisisset,
799 440 835 493 'ad
845 457 895 510 po-

91 521 219 566 stremum
240 528 330 566 morsu
349 529 443 566 navem
462 512 582 567 detinuit.
612 515 720 568 Tantam
741 515 768 567 in
788 530 819 568 eo
838 515 893 567 vir-

92 595 173 642 tutem
188 585 279 650 fuisse,
297 595 326 640 ut
340 605 392 640 uon
401 593 438 640 tot
448 587 572 641 caedibus
582 586 712 660 fatigatae,
724 607 777 643 uon
788 589 896 642 duabus

92 661 217 715 manibus
231 660 336 714 amissis
351 660 445 725 victus,
462 669 571 714 truncus
589 662 621 715 ad
632 671 801 732 postremum,
814 671 838 716 et
848 681 895 718 ve-

93 736 142 790 luti
156 734 247 789 rabida
262 734 325 798 fera,
341 735 465 789 dentibus
479 735 651 789 dimicaverit.
681 738 795 790 Ducenta
809 737 894 790 millia

94 813 185 864 Persae
197 827 228 863 eo
241 809 352 880 proelio,
369 810 426 864 sive
442 809 591 882 naufragiO,
607 808 727 864 amisere.
758 811 856 864 Cecidit
869 819 898 863 et

94 884 202 954 Hippias
225 891 355 957 tyrannus
374 883 551 948 Atheniensis
568 892 657 938 auctor
670 891 695 937 et
709 885 822 938 concitur
837 885 896 938 eius

92 958 165 1021 beili,
178 957 239 1022 diis,
252 958 349 1029 patriae
360 957 500 1021 ultoribuS,
512 975 609 1029 poenas
619 959 805 1029 repetentibus

149 1032 216 1086 Cre.
237 1033 270 1086 X.
291 1034 389 1086 Interea
403 1039 429 1086 et
445 1033 547 1097 Darius,
560 1051 645 1104 quum
654 1033 753 1088 bellum
765 1034 898 1088 instaura-

96 1114 142 1170 ret,
159 1107 187 1160 iu
203 1107 260 1177 ipso
274 1115 409 1177 apparatu-
418 1105 525 1170 decedit,
541 1108 636 1161 relictis
647 1107 738 1162 multis
749 1108 819 1174 filiis,
832 1109 894 1162 etin

94 1198 176 1253 regno
199 1189 224 1234 et
236 1190 307 1234 ante
326 1198 439 1253 reguum
457 1183 595 1252 susceptis.
627 1183 668 1236 Ex
683 1183 726 1236 his
743 1183 899 1236 Artemeues

94 1255 230 1309 maximus
248 1264 320 1320 natu,
335 1255 425 1309 aetatis
435 1255 582 1328 privilegio,
594 1273 706 1328 reguum
715 1257 765 1310 sibi
778 1257 899 1312 vindica-

94 1332 153 1392 bat;
176 1329 250 1401 quod
260 1330 311 1394 ius,
323 1338 348 1383 et
360 1330 423 1384 ordo
433 1330 555 1384 nascendi
567 1338 592 1384 et
602 1339 694 1385 natura
705 1331 760 1402 ipsa
771 1333 899 1404 gentibus

94 1404 174 1458 dedit.
204 1405 282 1459 Porro
298 1405 400 1458 Xerxes
412 1405 615 1459 controversiam
631 1419 682 1460 uon
694 1405 726 1460 de
735 1405 835 1469 ordine,
850 1405 897 1459 sed

94 1480 127 1534 de
147 1479 270 1534 nascendi
296 1478 425 1544 facilitate,
442 1478 574 1533 referebat.
604 1481 723 1548 Namque
738 1481 899 1534 Artemonem

93 1559 209 1623 primum
226 1558 327 1622 quidem
341 1555 433 1617 Durio,
448 1559 493 1607 aed
500 1559 614 1620 privato,
623 1559 785 1621 prouenisse:
805 1571 833 1606 se
842 1559 901 1620 rapi

93 1634 208 1698 primum
224 1637 324 1682 autum.
339 1629 449 1682 Fratres
463 1635 551 1696 itaque
564 1645 633 1689 suos,
645 1632 690 1696 qui
700 1636 760 1680 onte
770 1633 850 1696 pertiti
859 1645 899 1680 es-

95 1711 159 1766 sent,
177 1707 311 1771 privatum
328 1706 525 1770 patrimonium,
548 1705 616 1770 quod
629 1719 658 1755 eo
673 1710 783 1768 tempore
799 1702 901 1755 Durius

95 1781 234 1840 tabuisset,
255 1793 308 1830 aon
329 1794 444 1845 raparum,
464 1779 515 1830 sibi
532 1781 668 1830 vindicare
680 1793 769 1844 posse:
794 1794 821 1830 ae
835 1794 897 1836 ease,

96 1869 170 1921 quem
183 1857 299 1919 primum
313 1855 341 1905 io
354 1869 432 1919 repeto
446 1857 500 1904 iam
513 1868 563 1906 reu
574 1859 652 1918 pater
664 1855 806 1906 sustulerit.
839 1853 901 1904 Hoc

96 1931 227 1989 accedere,
243 1931 311 1994 quod
325 1928 472 1979 Artemones
482 1943 533 1978 non
541 1935 619 1992 patre
630 1935 737 1989 tontum,
751 1931 796 1980 aed
808 1934 832 1978 et
842 1943 902 1980 mo—

97 2011 137 2055 tre
154 2005 277 2068 priuatae
294 2004 379 2054 adduc
392 2007 521 2070 fortunae,
538 2018 588 2054 uuo
602 2017 702 2070 quoque
715 2009 832 2054 materno
839 2005 901 2067 pri-

95 2084 166 2138 uata,
178 2083 333 2142 procreatus
341 2079 389 2128 eit:
409 2093 435 2128 se
448 2092 509 2128 uero
524 2084 547 2128 et
557 2085 640 2128 matre
649 2081 742 2143 repino
751 2083 854 2137 tratum,
875 2083 901 2127 et

92 2159 198 2220 putrem
208 2167 259 2202 non
269 2153 321 2202 nisi
330 2166 415 2217 repeat
427 2153 536 2222 uidisae;
556 2167 634 2203 ovum
644 2167 744 2217 quoque
754 2157 900 2202 maternum

98 2225 196 2292 Quum
209 2241 237 2277 se
250 2241 335 2291 repere
347 2227 474 2286 tabuisse,
490 2241 540 2277 non
550 2227 675 2287 heredem,
687 2227 732 2277 aed
743 2227 900 2276 conditorem

96 2301 166 2352 tutati
175 2302 263 2366 repat:
283 2305 307 2350 et
320 2303 344 2352 st
360 2302 389 2352 in
399 2316 481 2366 uequo
492 2302 549 2352 ture
559 2307 697 2366 utrumque
706 2302 816 2366 fratrem
825 2306 903 2364 pater

94 2377 253 2440 reliquisset,
271 2380 388 2426 materno
405 2377 826 2426 tamenseiureetuaitout'acere.
847 2372 904 2424 Hoc

94 2454 228 2501 certamen
249 2446 370 2500 concordi
383 2446 474 2516 animo
484 2445 517 2500 ad
527 2454 651 2516 patruum
665 2463 745 2500 suum
757 2445 900 2514 Artapher-

94 2538 168 2584 nem,
183 2518 265 2576 veluti
278 2519 311 2574 ad
323 2521 496 2575 domesticum
507 2521 630 2584 iudicem,
643 2519 774 2586 deferunt,
797 2518 844 2586 qui
855 2515 904 2566 do·

95 2596 134 2650 mi
149 2595 254 2668 cognita
271 2612 358 2660 causa,
373 2596 489 2650 Xerxem
501 2593 664 2666 praeposuit:
685 2593 802 2660 adeoque
812 2587 905 2667 irater-

93 2670 271 2726 nacouteutio
287 2669 346 2736 fuit,
366 2678 396 2726 ut
412 2687 460 2725 uec
473 2669 556 2726 victor
569 2665 743 2726 insultaverit,
759 2677 807 2715 nec
819 2663 905 2712 victus
