1984 3010
324 213 394 260 Lm.
414 215 484 260 xxi.
515 189 597 262 car.
618 215 643 260 a.
836 210 880 262 tot

72 331 161 386 quam
176 313 200 366 si
216 313 384 384 portionibus
397 313 466 368 inter
479 313 568 385 plures
581 313 649 368 filios
659 313 829 379 divideretur,
842 333 886 370 ar-

73 389 255 442 bitrabantur.
279 387 330 444 Sed
340 389 481 460 Dionysius
492 389 641 444 interibitis
652 389 726 461 regni
737 389 883 444 avunculos

72 463 190 519 fratrum
201 480 322 527 suorum,
334 464 414 517 veluti
428 463 546 518 aemulos
556 463 661 534 imperii
673 465 715 518 sui
728 465 883 520 hortatores-

73 557 131 610 que
145 555 291 608 puerorum
307 538 340 591 ad
359 537 517 592 divisionem
538 537 621 609 regni,
639 537 726 592 tollere
744 539 880 611 gestiebat.

72 613 166 679 Quare
180 611 326 682 paullisper
339 611 537 670 dissimulatum
551 612 671 666 animum
682 614 756 683 prius
766 613 799 666 ad
810 615 884 668 lavo-

73 704 132 742 rem
148 685 319 757 popularium
329 687 523 742 conciliandum
538 687 661 740 intendit:
683 689 833 742 excusatius
843 689 883 743 la-

71 769 180 825 cturus,
199 761 272 832 quod
286 769 417 826 statuerat,
432 762 456 815 si
466 763 591 832 probatus
601 769 659 814 ente
672 753 796 816 omnibus
807 762 871 818 leret

73 837 163 910 Igitur
183 853 311 890 nexorum
331 837 379 889 tria
399 836 482 890 millia
501 853 629 889 ecarcere
643 834 762 904 dimittit3
786 837 881 891 tributa

73 909 177 982 populo
188 927 233 980 per
242 911 385 964 triennium
396 911 515 977 remittit,
537 919 562 963 et
572 910 778 980 quibuscunque
788 911 884 964 delini-

73 985 176 1040 mentis
189 993 281 1055 potest,
300 985 401 1040 animos
411 986 533 1040 omnium
547 983 674 1038 sollicitat.
705 985 780 1040 Tunc
792 985 825 1040 ad
838 986 884 1040 de-

72 1061 208 1114 stinatum
224 1058 326 1114 lacinus
341 1075 492 1124 conversus,
510 1076 562 1113 non
577 1067 700 1132 cognatos
714 1067 815 1114 tantum
832 1059 884 1117 lua-

74 1145 159 1197 trum,
173 1133 220 1188 sed
231 1135 309 1188 etiarn
320 1135 391 1205 ipsos
402 1134 536 1200 interficit,
557 1142 596 1198 ut,
613 1135 712 1205 quibus
721 1136 883 1190 consortium

74 1209 154 1283 regni
165 1208 284 1274 debebat,
299 1227 331 1263 ne
338 1209 449 1280 spiritus
459 1209 568 1280 quidem
579 1209 738 1270 consortium
749 1211 883 1282 relinque-

75 1294 125 1348 ret,
141 1283 308 1356 tyrannidem
328 1285 356 1338 in
371 1301 434 1338 suos
447 1285 523 1355 prius
539 1301 621 1354 quarn
634 1285 662 1338 in
678 1295 778 1340 exteros
792 1285 883 1356 auspi-

73 1367 164 1414 catus.

134 1433 202 1488 Car.
223 1434 257 1486 ll.
278 1432 394 1488 Sublatis
408 1431 504 1486 deinde
516 1432 627 1488 aemulis
646 1433 673 1488 in
688 1434 828 1506 segnitiam
845 1433 883 1488 la-

75 1525 154 1580 psus,
171 1508 291 1579 saginam
306 1509 421 1578 corporis
435 1525 468 1562 ex
482 1508 564 1562 nimia
577 1507 681 1564 luxuria
692 1509 883 1578 oculorumque

76 1581 258 1638 valetudinem
268 1582 410 1638 contraxit:
431 1582 504 1646 adeo,
520 1591 610 1636 utnon
622 1582 712 1646 solem,
726 1600 778 1636 non
790 1581 884 1652 pulve-

76 1675 145 1721 rem,
163 1674 215 1710 non
231 1657 346 1728 denique
359 1656 525 1728 splendorem
540 1657 606 1710 serre
617 1656 682 1710 lucis
693 1656 777 1726 ipsius
788 1665 882 1726 posset.

76 1735 187 1802 Propter
196 1749 265 1801 quae
275 1731 339 1787 dum
352 1732 483 1788 contemni
493 1749 521 1786 se
531 1740 611 1802 putat,
617 1731 723 1786 saevitia
732 1744 880 1804 grassatur,

77 1825 137 1871 nec,
149 1817 181 1860 ut
191 1813 271 1875 pater,
278 1823 407 1863 carcerem
417 1807 502 1869 nexis
512 1807 557 1860 sed
568 1806 691 1860 caedibus
702 1807 833 1860 civitatem
843 1823 884 1860 re·
910 1823 913 1832 ¹

77 1882 143 1954 plat.
175 1879 216 1934 Ob
229 1898 297 1951 quae
312 1898 365 1936 non
380 1882 532 1936 contemtior
544 1881 670 1936 omnibus
680 1899 761 1952 qnam
773 1881 884 1935 invisior

77 1957 140 2012 luit.
170 1956 261 2026 ltaque
281 1974 367 2026 quum
387 1956 487 2012 bellum
507 1957 634 2020 adversus
646 1974 708 2010 eum
724 1955 883 2030 Syracusani

77 2029 266 2096 decrevissent,
278 2031 325 2085 diu
335 2031 474 2094 dubitavit,
484 2030 624 2100 imperium
634 2031 773 2102 deponeret
783 2050 816 2086 an
828 2031 885 2084 bel-

78 2106 106 2162 lo
114 2105 256 2160 resisteret.
287 2105 338 2161 Sed
352 2125 367 2160 a
382 2106 512 2160 militibus
523 2107 645 2176 praedam
655 2115 680 2160 et
691 2107 765 2161 urbis
775 2105 885 2176 direpti·

77 2197 158 2236 onem
169 2181 338 2250 sperantibus
348 2181 503 2254 descendere
514 2181 540 2234 in
555 2181 683 2252 proelium
694 2181 806 2252 cogitur.
837 2181 884 2235 Vi-

78 2263 148 2320 ctus,
161 2273 248 2326 quum
262 2255 352 2310 iterato
366 2273 419 2310 non
434 2254 536 2308 lelicius
550 2255 679 2312 fortunam
696 2263 827 2319 tentasset,
847 2255 885 2310 le-

78 2341 154 2404 gatos
164 2329 198 2384 nd
215 2329 394 2402 Syracusanos
409 2330 497 2394 mittit,
511 2331 651 2401 spondens
668 2349 695 2386 se
709 2336 885 2402 depositurum

81 2409 254 2474 tyrannidem,
268 2411 293 2460 st
301 2411 431 2460 mitterent
439 2410 475 2461 od
485 2424 550 2468 eum,
559 2409 712 2475 quibuscum
721 2411 771 2460 sibi
781 2411 813 2460 de
820 2425 885 2474 pure

81 2483 236 2534 conueniret.
256 2480 287 2534 In
297 2498 379 2551 qnam
389 2499 444 2536 rem
455 2480 549 2534 missos
558 2481 686 2553 primores
698 2481 722 2534 in
734 2499 835 2534 carcere
845 2497 886 2531 re-

80 2553 161 2621 tinet3
184 2555 565 2625 etqueitaincautisomnibus
578 2556 782 2626 necquidquam
790 2550 886 2612 hostile

81 2629 262 2684 metuentibus
275 2631 418 2685 exercitum
437 2632 470 2685 ad
489 2629 627 2682 delendam
644 2629 774 2682 civitatem
796 2625 884 2678 mittit.

83 2703 125 2756 Fit
140 2701 222 2776 igitur
238 2704 266 2758 in
280 2705 337 2776 ipsa
351 2707 418 2760 urbe
430 2721 525 2774 anceps
537 2703 682 2771 proelium:
704 2702 732 2754 in
745 2714 799 2770 quo
811 2696 888 2766 oppi-

119 2795 239 2851 Iusrmus.
703 2787 723 2839 L
