1984 3010
6 2529 12 2640 r

310 167 627 215 naxanceni.
766 133 770 136 Δ
824 162 868 213 tat

124 264 195 319 Car.
214 265 271 320 Vss.
292 265 393 338 Cyrene
409 275 497 321 autem
510 267 612 323 condita
632 266 682 322 luit
698 266 731 320 ab
744 264 870 331 Aristaeo,

67 339 112 392 cui
134 356 229 392 nomen
249 340 335 394 Battos
354 351 458 412 propter
479 342 584 416 linguae
604 342 789 414 obligationem
813 341 871 394 luit.

69 413 155 466 Huius
167 423 238 484 pater
248 414 357 480 Grinus,
371 434 417 470 rex
428 417 641 481 Theraeinsulae,
650 434 734 488 quum
742 415 773 469 ad
780 432 873 470 oracu-

69 487 126 542 lum
141 488 255 558 Delphos
269 499 372 559 propter
388 490 501 545 dedecus
512 491 680 545 adolescentis
695 491 740 545 lilii
754 490 872 544 nondum
922 527 924 532 -
984 529 985 534 =

69 562 202 632 loquentis
217 563 296 616 deum
307 565 492 635 deprecaturus
502 566 623 629 venisset,
636 583 789 636 responsum
801 583 873 619 acce-

68 637 117 708 pit,
139 654 193 708 quo
210 637 349 692 iubebatur
363 639 433 692 lilius
448 657 505 694 erus
519 641 604 694 Battos
618 643 735 708 Africam
748 649 834 706 petere
848 649 872 693 et

68 715 159 764 urbem
182 711 297 780 Cyrenen
316 718 432 775 condere,
452 733 527 768 usum
545 718 648 782 linquae
661 717 697 767 tbi
710 722 871 778 arrepturae.

69 785 160 852 Quum
172 802 327 856 responsum
339 787 454 842 ludibrio
464 787 550 842 simile
561 787 693 841 videretur
703 786 874 857 proptersoli-

68 859 189 914 tudinem
205 861 304 914 Therae
318 861 428 926 insulae,
445 880 544 934 exque
560 861 644 916 coloni
659 861 692 915 ad
708 862 799 914 urbem
811 877 873 914 con-

69 934 184 988 dendam
201 935 228 988 in
244 935 358 990 Alricam
374 945 425 990 tam
439 945 525 990 vastae
534 937 648 1010 regionis
659 935 788 1007 proficisci
799 935 874 988 iuhe-

69 1010 176 1074 bantur,
189 1027 230 1062 res
239 1009 335 1064 omissa
347 1019 395 1064 est.
416 1012 549 1065 interiecto
559 1011 653 1066 deinde
663 1019 786 1081 ternpore,
801 1009 874 1064 velut

69 1093 246 1149 contumaees,
262 1085 407 1155 pestilentie
422 1085 471 1140 deo
481 1103 569 1156 parere
579 1085 785 1157 compelluntur:
807 1103 874 1156 quo-

70 1177 131 1213 rum
153 1166 207 1212 tam
227 1159 341 1232 insignis
363 1160 479 1230 paucitas
496 1160 554 1224 luit,
573 1169 602 1214 ut
618 1162 663 1215 vix
679 1178 759 1215 unam
778 1177 873 1214 navem

70 1232 240 1304 complerent.
266 1233 357 1300 Quum
367 1235 500 1288 venissent
510 1235 537 1288 in
549 1235 671 1298 Alricam,
685 1235 770 1306 pulsis
781 1234 874 1288 accolis

70 1306 187 1362 montem
209 1307 296 1380 Cyran
310 1316 335 1362 et
350 1317 454 1380 propter
468 1311 648 1364 amoenitatem
664 1310 712 1364 loci
730 1317 754 1363 et
771 1317 875 1380 propter

69 1382 150 1437 sontis
171 1382 313 1436 ubertatem
333 1400 503 1455 occupavere.
534 1385 571 1438 lbi
591 1385 684 1452 Battos,
701 1385 757 1438 dux
771 1401 872 1446 eorum,

70 1457 179 1530 linguae
199 1457 275 1510 nodis
295 1457 387 1511 solutis
409 1458 481 1530 loqui
501 1459 618 1529 primurn
634 1461 729 1528 coepit:
751 1475 876 1528 quaeres

70 1533 175 1586 animos
191 1548 283 1585 eorum
298 1550 331 1586 ex
345 1534 482 1603 promissis
497 1535 537 1586 dei
557 1534 609 1586 iam
624 1541 696 1602 parte
712 1539 830 1602 percepta
846 1533 875 1584 in

71 1606 203 1677 reliquam
217 1624 291 1676 spem
308 1607 456 1662 condendae
472 1609 545 1661 urbis
561 1606 687 1660 accendit.
716 1605 809 1659 Positis
825 1605 876 1677 igi-

71 1689 115 1734 tur
125 1680 218 1734 castris
228 1681 376 1750 opinionem
389 1683 483 1736 veteris
489 1681 736 1750 labulaeacoipiunt,
744 1679 873 1753 Cyrenen,

70 1756 185 1810 eximiae
204 1754 410 1826 pulchritudinis
432 1757 572 1829 virginem,
593 1775 606 1810 a
626 1755 774 1810 Thessaliae
788 1763 877 1809 monte

72 1830 143 1884 Pelio
159 1830 191 1883 ab
203 1830 324 1900 Apolline
333 1840 433 1901 raptam
445 1831 623 1902 perlatumque
633 1831 661 1885 in
672 1829 788 1885 eiusdem
801 1848 876 1884 mon-

73 1905 106 1958 tis
133 1905 204 1976 iuga,
226 1905 303 1959 cuius
322 1905 414 1960 collem
434 1914 632 1977 occupaverant,
655 1925 669 1960 a
689 1906 737 1960 deo
751 1905 875 1977 repletam

71 1987 186 2051 quatuor
205 1995 300 2049 pueros
320 1981 463 2051 peperisse,
484 1982 624 2045 Nomium,
645 1981 802 2043 Aristaeum,
821 1980 876 2034 Au-

71 2054 193 2118 tunhnm,
205 2055 337 2126 Agreum;
359 2055 454 2108 missos
465 2074 478 2109 a
490 2063 561 2126 patre
572 2057 684 2128 llypseo,
697 2073 756 2126 rege
766 2054 877 2112 Thessa-

72 2128 130 2190 liae,
147 2128 194 2198 qui
210 2129 391 2199 perquirerent
409 2130 548 2203 virginem,
566 2129 613 2184 loci
625 2130 779 2184 amoenitate
788 2136 877 2198 captos

73 2203 98 2256 in
119 2202 213 2256 iisdem
228 2203 305 2256 terris
319 2221 382 2258 cum
398 2204 501 2276 virgine
519 2204 659 2270 resedisse3
681 2221 714 2256 ex
727 2203 770 2255 his
788 2203 877 2272 pueris

73 2285 124 2330 tres
137 2277 241 2331 adultos
256 2277 283 2330 in
293 2277 455 2332 Thessaliam
467 2296 583 2333 reversos
594 2279 663 2332 avita
674 2295 754 2350 regna
765 2278 878 2348 recepis-

73 2369 115 2406 se:
137 2351 288 2406 Aristaeum
309 2354 338 2406 in
352 2353 462 2408 Arcadia
479 2353 528 2407 late
543 2369 674 2425 regnasse,
689 2369 805 2423 eumque
823 2353 878 2423 pri-

75 2444 148 2480 mum
161 2427 289 2496 etapium
299 2436 324 2480 et
340 2427 427 2482 mellis
442 2446 521 2482 usum
540 2435 565 2481 et
580 2427 653 2480 lactis
668 2425 775 2501 coagula
791 2427 879 2481 horni-

73 2501 154 2554 nihus
166 2499 305 2554 tradidisse
314 2501 516 2573 solstitialesque
526 2511 599 2555 ortus
609 2501 704 2555 sideris
713 2502 831 2569 primum
838 2499 880 2548 in-

74 2575 189 2630 venisse.
219 2573 324 2639 Quibus
339 2577 436 2630 auditis
450 2578 536 2630 Battos
553 2575 665 2646 virginis
680 2572 786 2628 nornine
796 2586 828 2620 ex
839 2583 880 2618 re-

71 2648 181 2720 sponsis
192 2649 280 2722 egnito
292 2651 384 2704 urbem
396 2651 515 2724 Cyrenen
525 2648 652 2702 condidit.
