2044 3028
347 231 423 278 ule„
439 231 529 278 κων.
550 231 630 278 cer.
653 231 679 276 a.
865 223 916 278 273

112 339 140 386 to
162 347 245 402 equas
272 328 355 385 foetus
373 331 509 402 concipere
531 331 609 386 multi
633 341 749 385 auctores
768 329 916 402 prodidere.

113 405 186 473 Quae
202 404 307 460 fabulae
320 422 354 459 ex
367 422 496 478 equarum
506 403 662 460 fecunditate
671 413 694 459 et
703 423 815 479 gregum
826 405 918 463 multi-

113 480 206 535 tudine
223 487 298 534 nolae
314 487 389 535 suut:
411 480 459 552 qui
474 481 538 535 tanti
552 481 579 534 in
598 479 728 534 Gallaecia
745 488 771 535 et
781 481 917 537 Lusitania

113 571 144 610 ao
157 563 210 609 tam
224 555 342 626 pernices
357 555 490 618 visuntur,
507 562 537 609 ut
553 573 606 610 non
623 555 754 610 immerito
768 565 846 612 vento
859 557 917 628 ipso

113 629 231 700 concepti
247 628 395 685 videantur.
426 628 539 684 Gallaeci
554 637 640 684 autem
656 630 781 684 Graecam
797 631 848 686 sibi
864 632 917 686 ori-

113 705 204 780 ginem
229 704 366 760 adserunt:
391 705 523 776 siquidem
546 713 605 776 post
629 705 707 760 linem
728 705 834 760 Troiani
853 705 917 761 belli

114 780 246 834 Teucrum
265 789 348 834 morto
362 779 448 834 Aiacis
462 779 548 835 iratris
561 779 679 835 invisum
693 781 760 852 patri
770 779 914 844 Telamoni,

1 843 2 885 i
96 865 98 867 ’
114 871 201 927 quum
215 871 269 909 non
286 854 441 926 reciperetur
456 855 483 910 in
494 871 616 928 regnum,
629 853 748 929 Cyprum
758 855 918 910 concessisse

114 937 195 1002 atque
212 929 251 998 ibi
269 930 363 985 urbem
378 929 485 984 nomino
502 929 626 1001 antiquae
639 930 738 1000 patriae
754 929 917 985 Salaminam

113 1003 277 1072 condidisse;
299 1004 361 1059 inde
374 1011 477 1076 accepta
492 1005 616 1076 opinione
629 1013 750 1075 paternae
764 1007 856 1059 mortis
871 1021 917 1076 pa·

113 1079 192 1135 triam
212 1079 348 1150 repetisse;
369 1079 415 1134 sed
435 1097 520 1152 quum
540 1079 574 1134 ab
589 1079 731 1153 Eurysace,
749 1079 837 1134 Aiacis
851 1079 915 1144 filio,

89 1164 91 1168 ’
114 1171 220 1210 accessu
230 1154 419 1226 prohiberetur,
426 1155 568 1226 hispaniae
577 1153 915 1226 litoribusappulsumlooa‚

98 1229 162 1286 ‘ubi
176 1246 249 1284 nuno
262 1237 301 1284 est
315 1229 444 1304 Carthago
461 1231 544 1294 Nova,
563 1247 716 1302 occupasse;
738 1229 800 1284 inde
813 1229 917 1288 Gallae-

114 1303 182 1359 ciam
200 1305 325 1359 transisse
340 1312 365 1358 et
378 1305 471 1377 positis
485 1304 593 1360 sedibus
606 1306 677 1378 genti
693 1323 789 1360 nomen
803 1305 916 1360 dedisse.

115 1377 261 1434 Gallaeciae
279 1387 367 1434 autem
386 1379 470 1450 portio
483 1378 651 1452 Amphilochi
670 1379 805 1435 dicuntur.
836 1381 918 1454 Regio

115 1470 201 1526 quum
221 1453 287 1508 aeris
309 1471 339 1508 ac
357 1453 461 1526 plumbi
476 1455 618 1520 uberrima,
634 1462 691 1509 tum
705 1463 731 1509 et
740 1455 832 1519 minio,
845 1453 918 1526 quod

114 1529 194 1584 etiam
211 1529 298 1585 vicino
312 1528 417 1585 flumini
428 1547 522 1585 nomen
532 1529 614 1586 dedit.
644 1528 716 1584 Auro
726 1546 833 1601 quoque
842 1529 918 1583 ditis-

113 1603 196 1658 sima:
218 1603 282 1660 adeo
292 1611 321 1659 ut
330 1605 409 1659 otiam
419 1613 503 1660 aratro
512 1604 660 1678 frequenter
669 1603 760 1676 glebas
768 1621 860 1659 aureas
869 1621 917 1659 ox-

114 1677 247 1734 scindant.
276 1680 305 1734 ln
316 1679 398 1734 huius
406 1681 492 1754 gentis
502 1680 601 1736 finibus
611 1696 682 1735 sacer
691 1697 767 1734 mons
776 1687 824 1743 est,
836 1695 917 1750 quem

113 1752 183 1809 ferro
197 1750 290 1809 violari
302 1754 374 1810 nefas
383 1755 508 1810 hebetur:
529 1754 608 1810 sedsi
618 1753 726 1826 quando
736 1753 840 1828 fulgure
850 1762 917 1808 terra

113 1828 244 1900 pmscissa
253 1836 300 1894 cst,
312 1847 382 1902 quae
391 1829 419 1885 in
428 1830 471 1884 his
480 1828 543 1885 locis
553 1829 662 1884 adsidua
677 1846 718 1882 res
727 1836 775 1895 est,
787 1827 916 1897 detectum

113 1919 221 1968 aurum,
238 1902 310 1959 velut
323 1904 366 1959 dci
380 1922 489 1971 munus,
501 1904 622 1978 colligere
631 1902 800 1975 permittitur.
829 1904 918 1959 Femi-

113 1994 165 2032 nae
178 1995 220 2032 ros
237 1977 391 2034 domesticas
401 1997 579 2054 agrorumque
591 1978 707 2034 culturas
717 1979 915 2036 administrant:

113 2051 168 2124 ipsi
187 2053 268 2107 armis
285 2061 315 2111 et,
323 2054 423 2126 rapinis
437 2055 566 2110 serviunt.
595 2053 736 2124 Praecipua
750 2054 793 2108 his
808 2053 917 2126 quidem

112 2125 176 2183 ferri
196 2127 313 2194 materia,
336 2129 383 2184 sed
409 2148 478 2202 aqua
492 2130 550 2201 ipso
563 2128 630 2184 ierro
643 2128 793 2184 violentior:
818 2129 918 2201 quippe

112 2211 319 2273 temperamento
331 2205 389 2260 eius
402 2203 501 2258 ferrum
517 2204 603 2258 acrius
618 2203 750 2262 redditur:
773 2221 820 2259 neo
830 2202 917 2258 ullum

113 2276 186 2350 apud
208 2271 347 2334 costelum
362 2280 496 2351 probatur,
515 2279 588 2350 quod
607 2295 659 2334 non
674 2285 720 2334 aut
733 2277 823 2334 Bilbili
836 2277 918 2334 fluvio

113 2361 160 2408 aut
184 2351 303 2426 Chalybs
325 2355 451 2428 tingatur.
492 2353 567 2409 Unde
589 2355 668 2408 etiam
688 2351 820 2428 Chalybes
842 2353 918 2408 fluvii

41 2488 43 2492 ,
113 2428 196 2483 huius
217 2428 325 2483 finitimi
343 2428 464 2502 appellati
482 2428 604 2502 ferroque
624 2428 715 2483 ceteris
732 2437 863 2500 praestare
876 2427 919 2482 di·

113 2510 220 2558 cuntur.

170 2577 240 2632 Gir.
255 2579 300 2634 lv.
321 2577 410 2634 Saltus
422 2596 481 2634 vero
490 2577 676 2642 Tartesiorum,
692 2577 719 2631 in
733 2576 833 2648 quibus
846 2576 919 2630 Tita-

112 2669 162 2707 nas
180 2651 280 2708 bellum
296 2652 423 2709 adversus
436 2653 498 2710 deos
512 2654 625 2726 gessisse
642 2650 771 2724 proditur,
787 2649 918 2705 incoluere

112 2725 240 2789 (inuelem
262 2745 377 2800 quorum
401 2747 448 2785 rex
472 2726 667 2784 vetustissimus
688 2725 812 2797 Gargoris
830 2723 917 2778 mollis

151 2818 269 2876 lusurus.
729 2813 748 2868 S
