2014 3000
135 195 170 236 IV

199 295 325 352 lustinus
344 295 405 368 ipse
423 303 521 350 noster
534 294 585 350 sub
599 294 744 349 Antonino
757 291 809 348 Pio
824 295 927 350 vixisse

136 391 273 462 creditur,
287 391 324 446 ad
337 411 421 468 quern
435 395 522 448 etiam
534 393 744 466 praefationem
758 394 837 466 operi
850 412 927 467 prae-

134 493 252 547 missam
278 490 429 563 scripsisse
454 487 629 562 perhibetur.
673 487 785 546 Textus
811 493 871 547 eius
896 493 927 548 ab
1003 537 1004 550 r

40 625 43 631 -
135 588 345 643 recentioribus
377 586 535 646 editoribus
565 587 754 643 multifariam
781 599 927 664 corruptus

134 669 230 742 fuerat
255 687 304 744 rel
327 685 459 742 codicum
483 689 722 760 interpolatorum
748 687 927 760 lectionibus,

134 787 182 843 vel
208 790 335 863 ipsorum
362 786 504 842 editorum
523 786 769 843 emendationibus
788 797 817 842 et
835 790 928 844 conie-

136 889 240 960 cturis3
258 887 359 962 quibus
379 895 492 941 tantum
509 903 567 941 non
586 885 717 943 omnibus
736 887 848 958 deletis,
865 906 929 944 ora-

134 987 242 1040 tionem
265 987 295 1039 in
321 987 468 1060 plerisque
489 985 526 1041 ed
552 983 706 1062 Bongarsii
734 990 929 1044 recensionem

134 1083 313 1156 reduximus,
329 1103 413 1160 quem
432 1087 548 1160 optimis
567 1095 596 1140 et
614 1084 761 1142 codicibus
775 1087 810 1142 'et
822 1085 929 1146 iudicio

133 1185 164 1237 in
174 1181 370 1240 textuvlustini
385 1183 584 1241 constituendo
598 1204 681 1240 usum
694 1203 767 1250 esse,
780 1187 932 1244 meliorum

133 1284 262 1338 onmium
280 1286 311 1340 in
331 1283 385 1340 boc
398 1303 505 1360 genere
519 1284 669 1340 doctorum
685 1293 818 1341 constans
833 1288 931 1360 opinio

132 1391 185 1439 est.
226 1381 261 1439 ln
288 1385 452 1440 nominibus
477 1393 574 1464 tamen
598 1383 745 1441 historicis
764 1394 793 1439 et
808 1403 933 1462 geogra-

131 1481 236 1558 phicis,
255 1485 287 1538 in
306 1483 408 1558 quibus
427 1480 541 1540 codices
559 1481 663 1538 lustini
680 1481 866 1541 vehementer
879 1503 934 1541 va-

132 1584 243 1655 cillant,
256 1585 434 1658 reliquorum
446 1581 652 1639 historicorum
661 1581 838 1638 documentis
848 1583 935 1639 obse·
1003 1659 1004 1664 ἵ

132 1683 192 1738 cuti
212 1700 319 1737 sumus.
363 1682 548 1758 Antiquiores
566 1685 632 1740 illos
650 1685 786 1759 prologos
804 1681 840 1737 ad
855 1680 936 1738 Tro-

131 1798 201 1856 gum
226 1781 360 1854 scriptos,
380 1779 429 1836 bio
448 1800 571 1856 quoque,
590 1790 623 1837 ut
636 1783 667 1836 in
686 1783 784 1856 priore
802 1781 937 1838 editione
1003 1795 1004 1818 ¹

120 1867 241 1938 ¹factum
258 1891 336 1953 erat,
356 1881 515 1952 omisimus,
534 1880 676 1956 siquidem
698 1899 797 1936 eorum
814 1892 938 1956 propter

130 1983 283 2038 innumera
308 1980 441 2037 lectionis
466 1978 569 2034 menda
589 1980 651 2034 sins
677 1981 754 2036 notis
778 1997 848 2036 usus
869 2000 939 2038 esse

130 2084 226 2138 nullus
237 2089 342 2158 posset.

272 2211 388 2289 Lipsiae
401 2232 438 2268 m.
449 2210 519 2270 Dec
533 2231 558 2268 a.
574 2209 681 2266 XLIII.
