2044 3028
140 171 189 234 Μ,
369 176 520 232 IUsTINI
532 178 698 246 HISTOR.
716 221 719 248 3

136 295 220 349 quam
237 275 264 330 in
280 291 362 330 manu
375 275 489 348 gerebat,
506 276 705 348 amplovcirculo
719 273 863 341 inclusum,
874 283 902 332 ut
912 285 936 336 et
1005 289 1006 298 ¹

136 351 236 406 amicos
250 355 509 428 caperetpconsulere
528 352 607 416 iubet,
629 369 675 408 nec
691 355 768 419 prius
783 355 843 406 inde
856 357 934 416 entre,
1005 401 1006 412 ,

135 425 385 495 qnam'rcepcnscm
404 431 507 480 senectui
525 430 607 489 daret,
623 435 669 480 act
681 426 773 494 pacem
786 434 833 480 cut
847 427 937 480 bellum
1005 449 1006 452 ¹

137 517 196 554 cum
206 500 329 554 Romanis
338 503 494 557 habiturum.
524 499 648 571 Adeoque
661 499 727 554 haec
736 499 869 554 austeritas
879 500 937 554 ani·
1005 511 1006 514 ’

138 574 299 646 mumregis
313 572 398 648 fregit,
416 582 445 644 ut
453 578 605 642 pariturum
615 593 641 630 se
650 581 754 644 senatui
763 572 935 645 responderet.
1005 613 1006 618 η

137 649 269 704 Reversus
285 649 312 702 in
328 666 439 722 regnum
451 649 596 714 Antiochus
607 647 718 714 decedit,
731 647 818 702 relicto
827 647 937 722 parvulo

136 722 282 778 admodum
298 721 364 778 filio:
386 723 429 777 cui
443 740 528 794 quum
539 731 636 778 tutores
646 723 699 778 dati
712 722 833 796 apopulo
842 731 935 788 essent,

137 805 249 870 patruus
263 798 320 852 eius
330 798 486 866 Demetrius,
501 797 549 870 qui
562 798 638 854 obses
648 799 746 853 Romae
758 805 820 862 erat,
836 797 938 872 cognita

138 881 222 928 morte
234 873 356 930 Antiochi
371 871 469 937 fratris
486 880 605 928 senatum
621 871 698 927 adiit:
720 876 830 928 obsidem
844 889 869 928 ee
878 877 938 928 cicc

135 953 223 1018 fratre
235 953 342 1012 venisse,
358 966 409 1018 quo
425 956 525 1002 mortuo
540 953 613 1003 cuins
627 952 698 1002 obses
711 953 753 1012 sit,
770 966 797 1004 se
806 952 937 1016 tenerare.

137 1023 242 1077 Dimitte⁸
260 1027 343 1092 ipitur
359 1040 387 1076 se
405 1025 441 1078 ad
461 1039 569 1092 repetem
584 1027 723 1090 petendum
747 1040 857 1092 aequum
875 1039 939 1086 case,
1005 1067 1006 1070 ,

136 1101 214 1166 qued,
225 1101 304 1151 sicuti
314 1101 493 1166 {erepentium
502 1102 597 1154 maiori
605 1101 686 1168 [ratri
700 1103 809 1160 cesserit,
821 1101 861 1152 ite
870 1114 940 1152 nune

135 1174 195 1234 eibi,
211 1176 258 1240 qui
272 1175 404 1242 pupillum
425 1180 510 1227 aetate
528 1177 670 1234 antecedat,
687 1175 782 1225 debead.
811 1167 902 1236 Quum
913 1189 941 1226 sc

138 1261 191 1298 non
202 1243 298 1298 dimitti
308 1245 524 1300 animadverteret
534 1264 548 1300 a
557 1253 658 1311 senatu,
666 1246 742 1300 tacite
751 1243 849 1300 iudicio
856 1247 941 1300 tutius

136 1318 208 1390 apud
217 1317 351 1390 pupillum
362 1337 443 1392 quam
453 1321 524 1395 apud
534 1338 595 1376 eum
610 1337 723 1394 regnum
737 1321 856 1375 futurum
870 1320 942 1376 arbi-

139 1401 234 1455 trante:
255 1393 341 1465 specie
351 1393 465 1450 venandi
476 1395 509 1450 ah
520 1396 585 1450 urbe
593 1395 723 1468 profectus
734 1395 837 1450 Hostiae
847 1396 941 1450 tacitus

135 1485 199 1524 cum
221 1466 299 1542 fugae
317 1469 457 1526 comitibus
477 1488 572 1527 navem
591 1471 751 1525 conscendit.
780 1469 889 1525 Delatus
912 1471 938 1524 in

138 1543 245 1618 Syriam
254 1543 369 1600 secundo
382 1543 469 1600 favore
478 1546 599 1600 omnium
609 1545 751 1616 excipitur3
773 1561 944 1618 regnumque

135 1619 163 1673 ci,
171 1619 255 1674 occiso
263 1618 529 1692 pupilloatutcribus
539 1620 659 1676 traditur.
1005 1631 1006 1690 ξ

193 1692 256 1752 Car
275 1695 319 1750 lv.
340 1695 439 1751 Eodem
450 1693 502 1750 iere
512 1703 625 1766 tempore
635 1695 750 1758 Prusias,
762 1711 809 1748 rex
818 1693 946 1768 Bithyni·
1005 1691 1006 1704 ³

136 1785 176 1833 ae,
198 1768 339 1824 consilium
358 1771 425 1841 cepit
445 1769 617 1824 interficiendi
635 1766 784 1831 Nicomedis
799 1767 859 1834 filii,
877 1769 945 1824 dum

137 1842 273 1897 consulere
287 1843 373 1898 studet
386 1845 533 1900 minoribus
549 1843 620 1910 filiis,
637 1861 704 1916 quos
713 1860 747 1898 ex
759 1861 873 1898 noverca
887 1844 948 1899 eius

135 1925 285 1988 susceperat
304 1926 328 1972 et
349 1919 587 1982 Romaenanebat.
615 1919 668 1974 Sed
683 1935 724 1972 ras
736 1917 896 1973 adolescenti
910 1917 949 1972 ab

137 1991 189 2056 his,
202 1991 249 2063 qui
260 1990 362 2047 facinus
373 2001 548 2065 susceperant,
559 1993 692 2066 preditum
707 1993 858 2064 hortatique
869 1999 949 2060 sunt,

136 2077 166 2122 et
185 2070 339 2124 crudelitate
354 2073 441 2140 patris
456 2078 615 2140 provocatus
631 2075 736 2136 occupet
749 2072 864 2124 insidias
878 2077 903 2122 et
914 2073 955 2121 in
1005 2109 1006 2132 ¹

135 2152 269 2198 auctorem
290 2153 439 2214 retorqueat
460 2135 551 2200 sce'lcc.
565 2145 643 2209 „Nec
666 2139 781 2196 difficilis
803 2142 956 2216 persuasio

136 2216 195 2272 suit.
226 2217 310 2292 Igitur
327 2235 412 2290 quum
432 2219 529 2273 accitus
550 2219 576 2272 in
595 2217 677 2289 patris
691 2234 803 2290 regnum
813 2217 953 2284 venisset,
1005 2265 1006 2274 ,

136 2293 225 2346 statim
241 2311 288 2348 rex
306 2292 461 2366 appellatur.
491 2293 598 2348 Prusias
613 2309 694 2366 regno
712 2290 839 2363 spoliatus
855 2309 870 2346 a
886 2290 957 2346 filio
1005 2293 1006 2344 i

135 2366 310 2437 privatusque
325 2367 451 2434 redditus,
470 2368 547 2422 etiam
564 2386 579 2427 a
594 2367 677 2447 servis
687 2366 825 2421 descritur.
849 2363 956 2432 Quum

136 2437 163 2489 in
175 2437 280 2492 latebris
291 2449 385 2512 ageret,
401 2459 454 2498 non
464 2442 560 2498 minori
570 2441 665 2510 scelere
679 2459 761 2515 quam
774 2439 861 2498 filium
871 2441 957 2494 ceci-
1005 2479 1006 2518 ἶ

134 2508 163 2560 di
178 2509 566 2592 iusserat,asiliointerfieitrrrss
612 2569 616 2576 ,
854 2514 856 2522 '
1005 2519 1006 2546 ³

137 2620 157 2654 ι
223 2643 225 2648 .
342 2651 343 2658 ,
420 2647 422 2654 .
