2016 3028
288 205 655 252 LIB.xxxV1.cAP.3.
743 173 747 180 ¹
821 201 872 253 229

67 323 144 360 mum
153 305 227 359 diem
237 323 308 360 more
317 305 732 379 gentisSabbata'appellatumin
742 321 873 360 ornneae-

64 397 134 436 -vum
144 379 246 434 ieiunio
255 381 380 434 sacravit:
392 381 520 452 quoniam
533 379 578 435 illa
590 381 647 434 dies
656 379 753 435 lamem
764 379 818 434 illis
829 398 886 438 err

67 471 208 526 roremque
218 453 330 508 linierat.
350 455 385 508 Et
394 455 521 526 quoniam
532 463 604 509 metu
613 455 775 528 contagionis
780 455 872 526 pulsos

68 547 96 582 se
104 529 139 584 ab
148 529 270 602 Aegypto
280 529 461 594 meminerant,
474 547 507 584 ne
516 529 608 584 eadem
617 547 696 584 causa
709 531 790 584 invisi
800 529 873 601 apud

68 603 168 658 incolas
177 602 417 672 forent‚caverunt‚
425 621 522 658 necum
532 605 677 677 peregrinis
688 605 869 659 conviverent:

67 677 141 750 quod
156 695 190 733 ex
204 695 283 732 causa
292 678 390 732 factum
400 677 538 750 paullatim
551 679 579 732 in
589 679 758 749 disciplinam
767 679 872 750 religio-

67 770 185 824 nemque
197 753 332 807 convertit.
353 755 414 807 Post
426 753 535 826 Moysen
544 754 623 807 etiam
637 753 708 808 lilius
721 753 778 807 eius
787 754 873 807 Aruas

67 827 188 882 sacerdos
202 827 283 882 sacris
298 827 444 901 Aegyptiis,
460 845 524 882 mox
533 845 581 882 rex
590 835 703 894 creatur3
716 845 873 898 semperque

5 927 6 950 r
67 903 165 956 exinde
185 901 229 956 hic
241 919 298 956 mos
312 902 383 974 apud
396 902 506 956 ludaeos
522 901 579 966 luit,
598 911 628 956 ut
641 901 746 956 eosdem
762 919 835 974 reges
848 911 881 956 et,

67 975 214 1032 sacerdotes
223 975 362 1044 haberent;
374 993 489 1048 quorum
503 977 601 1030 iustitia
612 976 738 1048 religione
742 977 873 1048 permixta

68 1049 224 1106 incredibile
235 1061 364 1122 quantum
375 1050 500 1106 coaluere.

123 1125 193 1180 Cur.
214 1127 260 1180 lll.
280 1125 350 1197 Opes
371 1127 443 1199 genti
462 1143 496 1180 ex
517 1124 691 1197 vectigalibus
709 1124 872 1197 opobalsami

5 1237 7 1260 t
68 1217 181 1264 crevere,
199 1200 272 1272 quod
290 1201 318 1255 in
333 1201 376 1254 his
391 1209 494 1255 tantum
504 1200 657 1274 regionibus
666 1200 796 1274 gignitur.
825 1201 873 1254 Est

66 1291 186 1346 namque
203 1274 291 1340 vallis,
312 1293 381 1346 quae
400 1275 531 1330 continuis
557 1275 692 1330 montibus
707 1275 779 1330 velut
795 1284 873 1330 muro

67 1349 185 1421 quodam
203 1349 237 1403 ad
251 1349 333 1404 instar
346 1357 491 1404 castrorum
510 1349 650 1404 clauditur.
681 1349 803 1422 Spatium
823 1349 873 1404 loci

66 1424 180 1480 ducenta
195 1424 298 1497 iugera3
321 1425 429 1479 nomine
442 1424 540 1478 lericus
550 1423 655 1478 dicitur.
674 1425 703 1478 ln
716 1442 745 1480 ea
756 1425 824 1478 silva
834 1433 873 1478 est

65 1508 91 1554 et
105 1499 224 1554 ubertate
238 1506 262 1554 et
272 1501 426 1554 amoenitate
436 1499 563 1571 insignis:
584 1499 717 1570 siquidem
727 1499 840 1569 palmeta
849 1508 873 1552 et

65 1572 262 1646 opobalsameto
271 1573 453 1648 distinguitur.
468 1573 580 1628 Arbores
590 1572 751 1644 opobalsami
761 1572 873 1627 formam

65 1647 184 1703 similem
195 1648 275 1718 piceis
290 1649 428 1704 arboribus
441 1648 551 1714 habent,
564 1648 615 1702 nisi
626 1647 699 1720 quod
707 1655 770 1702 sunt
783 1647 873 1701 humi-

65 1723 104 1779 les
115 1722 203 1795 magis
213 1723 274 1776 etin
286 1724 425 1778 vinearum
436 1741 536 1779 morem
546 1721 712 1777 excoluntur.
741 1723 794 1776 liae
805 1730 875 1776 certo

64 1798 131 1854 anni
141 1797 523 1868 temporebalsamumsudant.
544 1797 594 1852 Sed
604 1815 656 1851 non
665 1797 751 1852 minor
757 1796 805 1852 loci
816 1799 873 1852 eius

63 1872 211 1945 apricitatis
223 1889 304 1944 quarn
320 1873 446 1928 ubertatis
456 1872 592 1928 admiratio
601 1880 654 1927 est:
676 1873 775 1944 quippe
787 1891 872 1943 quum

63 1957 119 2004 toto
128 1947 192 2003 orbe
202 1947 316 2019 regionis
324 1948 382 2002 eius
388 1946 588 2002 ardentissimus
594 1946 633 2002 sol
641 1947 684 2006 sit,
693 1948 730 2002 ibi
739 1949 818 2019 tepidi
830 1951 873 2002 ae'·

62 2024 103 2078 ris
113 2020 247 2076 naturalis,
253 2022 383 2094 quaedam
394 2029 551 2093 acperpetua
556 2023 671 2092 opacitas
678 2023 750 2076 inest.
759 2025 785 2076 ln
792 2041 821 2076 ea
832 2041 873 2075 re-

62 2099 146 2172 gione
160 2095 233 2150 lacus
246 2105 293 2158 est,
305 2097 353 2168 qui
363 2104 468 2169 propter
479 2096 690 2170 magnitudinem
700 2105 725 2150 et
734 2097 873 2167 aquaeim-

63 2171 242 2228 mobilitatem
259 2172 391 2226 Mortuum
408 2189 481 2226 mare
492 2171 597 2226 dicitur,
631 2172 698 2224 Nam
712 2187 873 2242 nequeven-

64 2249 100 2303 tis
118 2254 240 2302 movetur
257 2247 391 2301 resistente
413 2247 566 2301 turbinibus
579 2245 719 2308 bitumine,
736 2261 790 2316 quo
804 2262 872 2316 aqua

63 2323 156 2377 omnis
171 2328 321 2393 stagnatum
343 2339 429 2393 neque
442 2319 618 2392 navigationis
628 2318 728 2390 patiens
741 2327 788 2386 est,
804 2337 872 2392 quo-

64 2397 141 2453 niam
151 2397 240 2465 omnia
251 2396 304 2450 vita
314 2397 426 2450 carentia
437 2396 464 2450 in
474 2393 636 2467 prolundum
643 2403 813 2466 merguntur3
826 2412 874 2448 nec

63 2471 205 2528 materiam
230 2469 315 2524 ullam
328 2471 448 2535 sustinet,
464 2470 516 2524 nisi
531 2487 600 2540 quae
613 2468 731 2523 alumine
743 2469 870 2524 illinatur.

64 2547 190 2602 Primum
200 2546 311 2608 Xerxes,
325 2543 773 2610 rexPersarum.1udaeosdomuit;
785 2551 872 2614 postea

63 2639 128 2677 curn
151 2621 217 2694 ipsis
237 2619 321 2675 Persis
333 2621 362 2676 in
377 2621 506 2689 ditionem
519 2617 662 2673 Alexandri
676 2618 765 2688 Magni
780 2633 873 2671 venere

63 2697 170 2772 diuque
185 2697 213 2750 in
229 2703 352 2766 potestate
367 2693 524 2751 Macedonici
543 2692 647 2764 imperii
661 2691 771 2745 subiecti
782 2689 873 2762 Syriae
