2044 3028
298 185 370 229 LIB.
390 184 485 231 xxvi.
516 185 594 230 CAP.
616 185 642 232 1.
823 183 870 234 l89

63 287 112 358 qui
123 285 230 339 victoria
241 285 334 339 mitius
344 302 420 349 usus,
431 284 517 338 lilium
527 283 585 338 eius
595 285 725 340 llelenom
734 303 796 340 cum
807 288 872 358 Epi-

65 361 126 414 rotis
141 361 194 414 sibi
209 359 329 414 deditum
344 359 372 413 in
385 377 498 432 regnum
516 359 629 424 remisit,
651 361 728 430 eique
746 362 871 433 insepulti

66 435 145 506 patris
154 452 214 489 ossa
225 436 254 490 in
266 435 377 505 patriam
389 433 521 488 relerenda
532 434 648 488 tradidit.
671 435 738 489 Satis
749 446 871 491 constans

67 511 131 564 inter
144 527 238 564 omnes
252 517 371 564 auctores
385 508 453 562 lama
464 517 511 573 est,
524 508 629 563 nullum
641 527 688 563 nec
699 511 756 563 eius
768 529 815 565 neo
825 530 872 567 su-

67 583 174 656 perioris
185 584 276 638 aetatis
285 601 374 656 regem
383 584 590 655 comparandum
601 585 703 657 Pyrrho
712 583 807 653 fuisse;
829 605 872 640 ra-

67 676 147 730 roque
161 677 214 714 non
230 659 297 713 inter
312 675 386 730 reges
400 666 512 723 tantum,
527 660 712 713 verumetiam
727 659 795 713 inter
809 659 873 715 illu-

66 733 475 792 stresvirosautvitaesanctioris
485 740 531 787 aut
544 734 658 787 iustitiae
669 733 824 804 probatioris
831 735 873 790 vi-

67 826 127 863 sum
138 807 234 871 luisse:
256 808 392 862 scientiam
402 815 470 861 certe
479 809 516 861 rei
527 806 648 861 militaris
658 809 685 861 in
698 808 742 862 illo
748 809 804 864 vim
815 817 872 863 tan-

67 891 117 938 tam
129 883 221 947 luisse,
233 889 263 936 ut
273 899 336 936 cum
346 882 805 956 Lysimacho,Demetriullntigono,
814 892 873 938 tan-

67 959 98 1012 tis
109 958 228 1030 regibus,
236 957 304 1012 bella
314 957 431 1030 gesserit,
439 957 554 1012 invictus
564 974 668 1028 semper
679 956 770 1024 luerit;
783 958 873 1032 lllyri-

64 1031 873 1106 orumquoque,SiculorumRomanorumqueetCarthagini-

16 1151 17 1154 ,
65 1109 170 1163 ensium
185 1106 262 1161 bellis
278 1124 427 1178 numquam
442 1105 558 1172 inferior,
570 1106 729 1178 plerumque
742 1109 820 1161 etiarn
833 1109 873 1161 vi-

16 1179 17 1188 *
62 1191 119 1237 etot
128 1181 271 1236 exstiterit:
294 1182 341 1252 qui
352 1181 463 1253 patriam
474 1190 541 1235 certe
555 1199 631 1236 suam
646 1190 785 1255 angustam
797 1183 874 1256 igno-
910 1225 912 1231 ,

64 1257 201 1328 bilemque
212 1256 283 1312 lama
293 1273 381 1310 rerum
392 1263 526 1328 gestarum
540 1265 566 1310 et
577 1257 691 1312 claritate
702 1257 820 1313 nominis
829 1257 872 1312 sui

16 1337 18 1342 '
64 1339 116 1388 toto
126 1333 190 1388 orbe
200 1332 333 1387 illustrem
343 1330 494 1385 reddiderit.

356 1476 581 1508 ...qma-..-

272 1659 477 1754 .LIBER
523 1658 674 1714 xxvl,

360 1783 578 1810 k--—·'—--—-—=¹

64 1872 143 1910 Aac.
158 1871 208 1919 cip.
222 1875 241 1907 1.
257 1865 382 1916 Antigenus.
401 1843 543 1906 Aristotimus.
552 1865 680 1904 Hellanicus.
696 1870 715 1902 2.
725 1869 744 1904 3.
758 1865 875 1914 Antigonus

114 1935 186 1972 Gallos
197 1933 261 1978 delet,
270 1930 360 1970 Athenis
370 1930 445 1968 bellum
454 1929 524 1970 infert.
538 1929 658 1970 Alexander
667 1929 688 1967 in
696 1929 767 1978 Epiro.
786 1930 875 1978 Cyrena-

112 2002 240 2034 rumstatus.

122 2070 150 2136 C
157 2097 171 2134 i
179 2100 202 2133 r.
216 2081 239 2134 l.
260 2080 321 2134 Post
330 2085 441 2134 mortem
450 2079 546 2152 Pyrrhi
556 2098 608 2135 non
619 2081 646 2135 in
657 2079 807 2136 Macedonia
818 2086 876 2132 ton-

65 2163 135 2221 tum,
147 2171 245 2210 verum
259 2155 338 2209 etiam
354 2155 381 2209 in
392 2155 454 2208 Asia
466 2155 627 2227 Graeciaque
639 2156 730 2228 magni
745 2152 876 2208 bellorum

66 2239 157 2287 motus
168 2229 249 2284 luere.
270 2231 339 2284 Nam
349 2239 374 2283 et
384 2228 564 2300 Peloponnesii
575 2248 620 2301 per
634 2229 807 2301 proditionem
822 2227 878 2281 An-

66 2307 161 2378 tigono
169 2304 273 2360 traditi:
293 2311 318 2358 et
328 2305 446 2359 variante
456 2305 595 2359 hominum
606 2305 701 2376 partim
713 2303 809 2368 dolore,
817 2321 878 2374 par-

65 2381 116 2434 tim
136 2379 250 2453 gaudio,
273 2386 352 2450 prout
371 2378 493 2452 singulae
508 2380 624 2434 civitates
639 2387 684 2434 aut
699 2378 829 2434 auxilium
845 2379 879 2432 de

65 2455 173 2528 Pyrrho
183 2463 353 2526 speraverant
363 2461 409 2508 aut
418 2463 503 2508 metus
515 2455 704 2519 sustinuerant,
718 2455 751 2508 ita
762 2462 806 2508 aut
815 2471 878 2506 cum

66 2531 204 2602 Antigono
213 2529 363 2584 societatem
374 2529 519 2602 iungebant
529 2537 574 2584 aut
584 2530 684 2584 mutuis
696 2529 762 2582 inter
772 2546 800 2581 se
810 2526 878 2580 odiis

66 2605 96 2658 in
112 2604 217 2658 bellum
232 2605 355 2659 ruebant.
386 2605 455 2659 luter
471 2605 543 2658 hunc
556 2605 720 2658 turbatorum
730 2599 879 2682 provincia-

65 2697 132 2733 rum
148 2687 252 2735 motum
265 2680 394 2754 Epiorum
404 2697 512 2752 quoque
527 2679 591 2734 urbs
601 2679 634 2733 ab
644 2677 795 2734 Aristotimo
805 2689 880 2742 pnn-
