2014 3000
91 151 126 204 26
296 172 299 180 r
328 156 474 201 tusrml
491 129 649 200 nisena.

92 255 218 320 doluerit;
240 253 351 324 ipsoque
365 253 417 306 litis
433 261 548 324 tempore
561 253 675 308 invicem
690 269 799 306 munera
814 250 897 306 mise-

94 331 160 396 rint3
182 329 297 383 iucunda
314 345 421 399 quoque
432 328 499 382 inter
513 347 540 382 se
551 346 602 383 nou
614 328 710 393 solum,
723 327 768 380 sed
787 327 896 382 credula

92 399 219 456 convivia
229 402 381 466 habuerint,
404 403 532 456 iudicium
543 420 650 474 quoque
659 403 746 473 ipsum
757 401 814 454 sine
823 401 898 460 arbi-

93 479 148 539 triS,
159 477 216 530 sine
234 477 352 530 convicio
362 475 445 530 luerit.
479 478 560 532 Tanto
570 476 727 531 moderatius
737 485 793 530 tum
803 473 896 529 fratres

94 553 161 605 inter
175 569 203 604 se
218 569 299 624 regna
312 553 427 604 maxima
442 551 602 614 dividebant,
618 568 700 622 quarn
715 568 787 605 nunc
797 550 897 622 exigua

93 625 251 697 patrimonia
265 625 425 696 partiuntur.
455 626 538 698 Igitur
554 626 655 679 Xerxes
667 625 776 688 bellurn,
794 643 807 678 a
823 633 897 694 patre

93 707 214 770 coeptum
229 701 355 754 adversus
371 699 515 762 Graeciam,
527 700 742 771 quinquennium
756 699 895 753 instruxit.

93 775 171 840 Quod
187 775 232 829 ubi
246 775 361 846 primum
377 775 468 828 didicit
481 775 642 839 Demaratus
663 791 709 829 rex
724 772 897 830 Lacedaemo·

94 850 213 913 nicrum,
233 851 280 920 qui
296 849 365 920 apud
381 849 496 902 Xerxem
511 849 656 913 exsulabat,
674 848 780 904 amicior
796 849 896 919 patriae

95 932 154 994 post
168 923 267 995 lugam,
279 939 360 994 quam
372 923 426 995 regi
437 932 494 993 post
504 923 636 987 beneficia,
652 941 685 977 ne
695 923 828 994 inopinato
838 922 897 978 bel·

94 1004 119 1052 to
134 999 350 1068 opprimerentur,
368 998 456 1051 omnia
471 999 498 1051 in
514 999 615 1052 tabellis
632 997 725 1070 ligneis
736 998 897 1069 magistrati-

93 1071 146 1126 bus
164 1071 309 1142 perscribit,
324 1071 468 1142 eademqne
482 1089 538 1126 cera
553 1073 738 1144 superinducta
755 1072 835 1136 delet,
861 1085 897 1126 ne

93 1154 140 1199 aut
149 1145 276 1214 scriptura
288 1147 344 1200 sine
354 1147 469 1218 tegmine
479 1147 608 1200 indicium
618 1147 698 1210 daret,
709 1154 754 1200 aut
759 1163 897 1200 recensue-

94 1239 122 1274 ra
136 1219 225 1274 dolum
237 1221 369 1290 proderet:
383 1221 434 1274 fido
444 1221 538 1276 deinde
548 1239 622 1276 servo
632 1221 797 1292 perferendas
807 1220 895 1283 tradit,

94 1295 175 1359 iusso,
188 1295 385 1368 magistratibus
395 1296 581 1366 Spartanorum
593 1297 701 1350 tradere.
722 1295 825 1362 Quibus
835 1313 898 1366 per-

95 1368 162 1432 latis
179 1370 371 1424 Lacedaemone
390 1370 535 1440 quaestioni
554 1371 650 1424 resdiu
658 1369 714 1433 luit,
727 1368 798 1441 quod
808 1387 898 1440 neque

93 1444 222 1515 scriptum
238 1445 339 1516 aliquid
354 1445 479 1508 viderent,
498 1462 544 1498 neo
557 1443 652 1499 frustra
667 1445 761 1498 missas
775 1445 898 1515 suspiee-

95 1527 193 1584 rentur,
204 1527 328 1592 tantoque
341 1537 395 1574 rem
407 1521 540 1583 maiorem,
551 1527 650 1590 quanto
662 1520 696 1573 sit
705 1517 837 1582 occultior,
845 1535 899 1589 pu·

94 1594 191 1647 tabant.
213 1595 384 1648 Haerentibus
395 1595 421 1648 in
433 1595 579 1648 coniectura
588 1594 661 1658 viris,
674 1611 746 1648 soror
756 1593 825 1666 regis
831 1595 898 1650 Leo-

95 1668 172 1722 nirlae
186 1669 326 1722 consilium
342 1669 478 1724 scribentis
494 1669 604 1723 invenit.
634 1669 714 1722 Erasa
733 1668 814 1741 igitur
828 1685 896 1732 cera,

94 1742 157 1794 belli
171 1742 277 1795 consilia
289 1743 453 1814 deteguntur.
483 1745 536 1796 lam
551 1744 652 1796 Xerxes
663 1743 826 1816 septingenta
835 1743 899 1796 mil-

95 1815 129 1869 lia
139 1815 172 1868 de
181 1833 261 1888 regno
271 1826 423 1879 armaverat,
435 1825 460 1870 et
468 1825 578 1872 trecenta
589 1817 672 1870 millia
685 1818 718 1871 de
727 1816 849 1871 auxiliis:
868 1823 899 1872 ut

95 1907 147 1944 non
168 1890 299 1944 immerito
318 1891 449 1961 proditum
470 1892 510 1953 sit,
531 1891 641 1946 llumina
654 1893 688 1946 ab
706 1893 821 1952 exercitu
838 1891 898 1946 eius

92 1965 196 2028 siccata,
210 1965 399 2036 Graeciamque
411 1983 515 2018 omnem
529 1966 574 2020 vix
584 1983 674 2037 capere
685 1967 828 2030 exereitum
838 1967 899 2021 eius

94 2039 218 2110 potuisse.
246 2041 332 2094 Naves
347 2057 454 2110 quoque
469 2040 541 2093 mille
554 2040 678 2095 ducentas
689 2059 799 2095 numero
809 2041 900 2096 habu-

95 2115 148 2168 isse
162 2114 265 2169 dieitur.
294 2113 361 2168 Huic
375 2121 446 2168 tanto
462 2115 561 2188 agmini
576 2115 730 2170 duxdeluit.
764 2115 897 2180 Ceterum,

93 2189 116 2240 si
133 2206 221 2262 regem
235 2196 347 2260 spectes,
373 2188 488 2252 divitias,
506 2207 557 2243 non
576 2189 680 2254 ducem,
702 2189 806 2244 laudes:
829 2207 901 2261 que-

95 2279 155 2315 rum
171 2271 240 2317 tanta
255 2263 328 2334 copia
343 2263 370 2317 in
387 2281 467 2336 regno
480 2263 537 2317 eius
555 2262 613 2330 luit,
633 2272 671 2330 ut,
689 2281 774 2335 quum
785 2263 899 2320 llumina

95 2334 266 2391 multitudine
273 2347 498 2400 consumerentur,
510 2355 573 2408 opes
582 2345 667 2392 tamen
680 2337 766 2410 regiae
774 2355 901 2409 superes-

92 2415 163 2460 sent.
193 2412 251 2480 Ipse
264 2417 351 2464 autem
362 2413 465 2482 primus
475 2412 501 2464 in
512 2409 584 2484 iuga,
596 2420 745 2482 postremus
755 2413 782 2466 in
788 2413 899 2483 proelio,

92 2495 198 2549 semper
216 2483 290 2536 visus
304 2493 355 2552 est3
377 2485 404 2539 in
424 2485 547 2556 periculis
563 2486 684 2554 timidus:
710 2487 796 2541 sicubi
810 2496 902 2542 metus

92 2549 338 2636 abessetipllatum
360 2559 475 2630 denique
489 2569 548 2613 ante
561 2561 770 2630 experimentum
782 2561 854 2625 belli,
869 2563 903 2618 fi-

92 2618 171 2673 ducia
187 2642 293 2690 vinum,
307 2629 389 2684 veluti
402 2641 509 2687 naturae
518 2633 603 2704 ipsius
613 2635 747 2701 dominus,
761 2644 786 2690 et
796 2645 905 2694 montes
