1998 3006
323 175 392 220 LIB.
412 177 481 222 xm.
512 177 591 223 CAP.
612 177 638 222 2.
836 173 884 226 llll

96 273 221 337 habuisset,
238 273 290 328 nisi
305 274 409 330 fortuna
423 294 466 331 eos
481 277 655 332 aemulatione
667 277 771 332 virtutis
785 278 811 332 in
823 295 884 349 per-

97 349 176 404 niciem
186 357 305 403 mutuam
317 360 450 405 armasset.

142 424 201 479 Cur.
215 425 248 478 Il.
271 426 391 480 Ceterum
402 426 487 480 occiso
497 425 647 481 Alexandro
658 444 711 480 uon
724 433 754 480 ut
767 426 835 491 laeti,
849 427 883 480 ita

95 506 116 552 et
128 499 203 552 securi
215 497 302 564 luere,
319 500 444 554 omnibus
458 519 544 555 unum
558 501 643 556 locum
659 502 881 572 competentibus,

95 590 135 627 uec
147 575 232 627 minus
246 574 343 628 milites
358 579 438 646 quam
451 576 564 630 invicem
578 593 605 630 se
619 577 755 640 timebant,
767 593 883 647 quorum

94 655 114 702 et
132 647 228 702 libertas
249 648 358 703 solutior
376 659 402 703 et
420 649 494 705 favor
505 651 619 704 incertus
634 659 697 706 erat.
728 653 797 704 luter
811 651 883 721 ipsos

93 741 146 776 vero
156 723 297 794 aequalitas
307 725 464 779 discordiam
476 726 597 798 augebat,
613 725 719 778 nemine
729 732 830 778 tautum
842 742 884 777 ce—

13 855 14 864 ,
91 806 150 852 leros
166 799 312 864 excedente,
334 807 364 852 ut
381 800 404 853 ei
418 800 516 870 aliquis
533 818 561 854 se
576 800 748 853 submitteret.
782 799 883 852 Armati

90 873 170 944 itaque
179 873 206 928 in
219 875 319 946 regiam
330 876 424 928 coeunt
433 875 466 928 ad
479 874 648 928 formandum
661 891 750 928 rerum
760 877 884 945 piaesen-

13 1015 14 1024 ,
88 948 149 1002 tium
159 955 265 1002 statum.
290 949 410 1002 Perdicca
426 958 513 1003 censet
527 952 650 1005 Roxanes
660 957 809 1017 conspecturi
817 965 885 1016 pnr-

88 1032 143 1086 tam,
159 1041 224 1091 quae
237 1033 331 1078 exacto
343 1042 427 1078 merrae
441 1035 531 1079 octauo
544 1037 650 1079 matura
660 1030 713 1078 tom
723 1043 757 1078 ea
766 1023 885 1078 Alexan

86 1103 130 1152 dro
144 1107 213 1165 crat;
233 1107 266 1161 et,
280 1104 304 1152 si
315 1117 426 1166 puerum
437 1105 586 1168 peperisset,
603 1103 670 1154 hune
680 1104 741 1153 dart
753 1115 885 1152 suceesso-

84 1191 136 1227 rem
143 1177 223 1240 putri.
252 1173 381 1246 Meleager
395 1182 472 1246 negat
484 1179 629 1244 differendo
649 1179 677 1229 in
690 1183 784 1242 portus
793 1177 885 1226 dubios

13 1255 14 1266 ¹
83 1251 206 1315 concilim
236 1265 283 1302 nee
304 1253 518 1316 asspectnndum,
537 1254 598 1302 dum
611 1267 684 1318 reyes
703 1257 881 1311 nascerentur,

81 1340 159 1390 qaum
168 1327 223 1376 iam
234 1327 328 1390 qenitis
340 1329 380 1377 ati
391 1326 492 1376 liceret:
512 1341 556 1377 seu
564 1339 630 1392 puer
643 1327 697 1377 illis
709 1327 820 1390 placeat,
831 1339 885 1375 esse

78 1399 199 1465 Peryami
216 1401 300 1466 filiurn
318 1398 466 1452 Alexandr-t
484 1407 574 1452 natum
592 1415 627 1452 ea
644 1399 763 1464 Barsine,
782 1401 885 1450 nomina
913 1466 916 1471 ι

77 1472 230 1526 Herculem:
252 1489 297 1525 aaa
311 1470 418 1526 mallent
431 1477 554 1535 iuuenem,
567 1490 620 1526 esse
630 1477 658 1526 in
672 1477 766 1525 eastris
775 1477 885 1540 fratrem

75 1549 235 1609 Alexandri,
241 1547 391 1609 Aridaeum,
404 1565 506 1609 comam,
513 1556 537 1599 et
548 1552 647 1600 canetis
658 1563 709 1599 non
717 1563 764 1599 auo
774 1553 883 1617 turdum,

75 1639 166 1675 annam
177 1630 202 1674 et
210 1627 298 1688 patris
307 1623 418 1689 Philippi
428 1626 529 1674 nomine
537 1625 753 1687 acceptissimum.
768 1619 885 1674 Ceterum

72 1696 206 1750 Ronanen
215 1713 269 1750 ease
278 1701 387 1764 oriqints
397 1698 529 1750 Persicae:
542 1701 711 1764 necessetas,
723 1703 752 1748 ut
761 1695 886 1751 Macedo-

71 1775 152 1825 nibus
167 1786 203 1826 ear
217 1776 344 1839 sanquine
357 1789 454 1834 eorum,
466 1787 577 1839 qnorum
587 1788 668 1838 raquo
681 1773 828 1832 deleverint,
840 1787 887 1823 re-

69 1864 116 1914 yes
127 1851 338 1900 constituantur:
351 1850 419 1914 qnod
428 1862 475 1899 nee
485 1846 753 1912 ipsumrllearondrnm
763 1848 885 1908 uoluisse,
916 1891 922 1901 ,
968 1849 969 1852 ’

69 1920 151 1988 dicit;
168 1925 281 1988 denique
290 1925 439 1974 morientem
448 1923 549 1974 nullam
558 1925 589 1973 de
600 1938 628 1973 eo
641 1925 792 1973 mentionem
801 1923 887 1973 imbu-

66 2000 133 2048 isse,
172 1992 338 2050 Ptolemaeus
353 1995 489 2048 recusabat
503 2013 590 2067 regem
601 1993 743 2048 Aridaeum
756 2012 809 2049 non
819 2011 884 2060 pro-

63 2079 130 2136 pter
149 2079 288 2132 maternae
306 2073 380 2122 modo
402 2074 630 2138 sordescentes
644 2071 783 2123 Larissaea
798 2077 888 2121 scorto-

65 2153 244 2210 naecemtm,
272 2148 317 2198 sed
336 2150 414 2198 etiam
430 2153 538 2211 propter
556 2148 729 2206 ualetudinem
749 2147 885 2205 maiorem,

65 2235 151 2285 quam
165 2222 335 2286 patiebatur:
354 2237 387 2272 ne
400 2222 445 2273 ille
462 2237 553 2272 nomen
566 2224 646 2286 reqis,
663 2221 732 2272 alius
747 2222 884 2284 imperium

64 2300 171 2346 teneret
176 2314 188 2360 ;
208 2297 300 2346 melius
311 2310 364 2346 esse
379 2311 413 2347 eac
427 2297 467 2346 lu's
478 2297 535 2361 leat,
548 2300 593 2362 qni
600 2311 650 2360 pro
664 2297 759 2346 virtute
771 2297 828 2361 reci
837 2309 886 2346 suo

58 2373 194 2432 promimi
212 2372 324 2437 suerint,
347 2373 392 2436 qui
409 2372 561 2435 provincius
578 2377 684 2436 renunt,
705 2371 797 2436 quibus
817 2371 884 2421 bellu
958 2430 960 2432 ,

62 2447 241 2504 mundentur,
258 2459 336 2510 quam
345 2446 395 2518 sala
400 2459 512 2510 persona
522 2448 591 2510 reaia
601 2447 767 2510 tndtqnorum
776 2446 884 2496 subiici-

60 2525 150 2570 untur
162 2522 287 2585 imperio.
317 2517 384 2570 Vicit
395 2515 530 2570 Perdiccae
544 2517 670 2570 sententia
680 2534 810 2570 consensu
821 2516 884 2568 uni-

61 2605 227 2646 versorum.
261 2590 359 2644 Placuit
374 2592 462 2662 itaque
473 2592 593 2644 Roxanes
608 2592 750 2661 exspectari
762 2597 880 2658 partum3

54 2669 94 2728 el,
111 2665 139 2720 si
151 2683 226 2738 puer
239 2675 317 2720 natus
330 2665 430 2731 luisset,
447 2672 544 2720 tutores
559 2667 703 2720 Leonatum
722 2661 880 2721 Perdiccam,

665 2755 716 2807 ut
