2044 3028
123 200 174 253 220
359 202 510 248 IUSTINI
527 199 687 245 HISTOR.

310 445 507 502 ernau
549 401 752 498 uxxuu

121 654 145 688 A
152 651 169 686 R
178 651 201 688 G.
210 653 258 700 cap.
269 655 311 688 1.2.
317 648 472 689 Macedonicum
479 643 740 688 bellum'eontraPerreum.
750 649 821 687 Aetoli
832 651 934 700 oppressi·

183 742 257 805 Cra.
268 739 295 806 l.‘
305 751 406 805 Minore
419 749 528 821 quidem
539 765 629 802 rerum
640 755 713 802 motu
723 748 836 803 Romani
847 749 934 802 Mace-

125 826 250 896 donicum
265 839 347 897 quam
362 824 492 878 Punicum
509 822 609 878 bellum
623 829 774 897 gesserunt3
797 823 845 876 sed
861 830 933 877 tanto
1007 857 1008 866 κ

125 899 231 963 clarius,
247 907 346 970 quanto
361 898 495 952 nobilitate
508 897 662 952 Macedones
671 898 771 952 Poenos
786 905 932 951 antecesse-

126 985 202 1028 runt:
224 973 324 1044 quippe
337 989 423 1044 quum
439 972 522 1046 gloria
537 971 652 1026 Orientis
662 971 764 1036 domiti,
779 979 838 1026 urm
849 979 874 1025 et
882 989 933 1026 au-

124 1048 199 1103 ‘riliis
208 1049 329 1114 omnium
339 1064 431 1120 regum
442 1047 611 1102 invehantur.
637 1047 727 1118 ltaque
737 1047 849 1100 Romani
859 1055 884 1099 et
894 1045 934 1100 le-

125 1123 216 1194 giones
227 1121 316 1192 plures
327 1139 438 1176 numero
446 1121 667 1192 conscripserunt,
679 1129 704 1174 et
713 1120 812 1177 auxilia
825 1121 933 1174 ahiasi-
1007 1153 1008 1156 =

125 1196 204 1259 nisse,
217 1213 277 1268 rege
287 1195 473 1262 Numidarum,
485 1197 629 1268 ceterisque
639 1195 716 1250 sociis
725 1195 851 1249 omnihus
862 1196 932 1249 acci-

127 1277 232 1337 verunt;
250 1277 283 1323 et
300 1270 428 1334 Eumeni,
450 1271 506 1344 regi
518 1271 666 1344 Bithyniae,
683 1270 877 1334 denuntiatum,
901 1279 935 1324 ut

125 1343 225 1398 hellum
241 1345 354 1398 summis
368 1345 469 1400 viribus
484 1345 593 1401 iuvaret.
627 1346 719 1400 Perseo
732 1353 833 1416 praeter
844 1345 934 1398 Mace-

125 1419 250 1474 donicum
270 1420 381 1474 invictae
402 1420 534 1490 opinionis
557 1419 702 1475 exercitum
724 1419 847 1474 decennis
866 1418 932 1473 belli

119 1501 230 1549 'sumtus
241 1503 337 1565 epatre
346 1503 451 1566 paratus
462 1495 489 1549 in
500 1494 631 1550 thesauris
641 1502 667 1550 et
675 1495 774 1550 horreis
784 1501 848 1548 erat.
862 1493 933 1560 Qui-

126 1569 177 1624 bus
192 1570 272 1625 rehus
285 1569 399 1634 inilatus,
416 1569 514 1624 oblitus
528 1568 648 1626 fortunae
662 1577 796 1642 paternae,
812 1576 932 1623 veterem

125 1644 268 1700 Alexandri
287 1644 398 1718 gloriam
416 1644 579 1700 considerare
606 1661 670 1700 suos
692 1643 806 1698 iubebat.
840 1643 931 1697 Prima

125 1719 247 1790 equitum
255 1719 405 1792 congressio
415 1719 473 1784 luit,
487 1737 541 1792 qua
551 1718 633 1775 victor
648 1719 757 1774 Perseus
769 1735 932 1788 suspensam

125 1794 246 1847 omnium
268 1795 486 1864 exspectationem
505 1795 534 1848 in
549 1793 665 1850 favorem
680 1794 723 1848 sui
737 1793 829 1848 traxit:
856 1793 933 1847 misit
1007 1791 1008 1856 i

126 1875 212 1921 tamen
228 1866 324 1940 legatos
338 1869 371 1922 ad
384 1869 528 1934 consulem,
541 1869 589 1942 qui
604 1885 695 1940 paoem
709 1875 832 1940 peterent,
845 1883 932 1938 quam

115 1941 192 2012 -patri
213 1958 262 1995 suo
271 1942 382 1996 Romani
391 1943 470 1998 etiam
480 1945 549 1999 victo
562 1943 705 2008 dedissent,
717 1945 852 2014 impensas
863 1941 932 1996 belli

126 2016 182 2088 lege
192 2015 255 2070 victi
264 2023 446 2088 suscepturus.
467 2018 619 2074 Sedoonsul
628 2017 762 2089 Sulpicius
772 2035 828 2073 non
836 2017 934 2073 minus
1007 2031 1008 2086 ζ

125 2107 219 2164 graves
229 2109 311 2164 quam
323 2092 390 2148 victo
400 2092 471 2166 leges
481 2094 558 2148 dixit.
587 2095 656 2148 Dum
666 2093 731 2147 haec
740 2099 865 2165 aguntur,
874 2109 935 2148 me-
1007 2119 1008 2122 ¹

126 2176 155 2221 tu
169 2174 222 2221 tam
233 2167 372 2239 periculosi
387 2168 573 2224 belliRomani
587 2165 732 2222 Aemilium
742 2166 856 2222 Paulum
866 2184 936 2222 oon-
1007 2173 1008 2204 l

126 2240 211 2294 sulem
222 2242 403 2315 creant,eique
412 2252 484 2298 extra
493 2243 613 2299 ordinem
618 2242 814 2299 Macedonicum
826 2241 934 2297 bellum
1007 2241 1008 2304 ζ

125 2314 282 2370 decernunt:
305 2318 353 2389 qui
368 2335 453 2389 quum
468 2318 502 2373 ad
514 2317 657 2374 exercitum
667 2317 791 2380 venisset,
804 2334 857 2371 non
873 2335 937 2372 ma·

124 2403 206 2458 gnam
216 2406 317 2443 moram
328 2392 515 2464 pugnassent
538 2392 624 2448 Pridie
633 2409 714 2465 quam
724 2389 855 2463 proelium
867 2409 935 2447 con-
1007 2391 1008 2404 ¹

125 2467 260 2525 sereretur,
284 2461 345 2516 luna
366 2474 439 2520 nocte
458 2466 559 2531 deiecit,
575 2467 684 2522 tristeid
695 2474 826 2522 ostentum
836 2468 937 2522 Perseo
1007 2525 1008 2530 ,

124 2533 251 2586 omnibus
271 2538 506 2608 praesagientibus,
529 2541 663 2613 finemque
676 2539 835 2596 Macedonici
854 2543 935 2615 regni
1007 2581 1008 2588 κ

122 2604 244 2668 portendi
256 2609 469 2667 vaticinantibus.

179 2673 245 2729 Car.
268 2681 299 2732 ll.
321 2682 351 2734 ln
364 2699 393 2735 ea
403 2701 495 2756 pugna
508 2688 544 2742 M.
557 2687 629 2753 Cato,
642 2689 747 2745 Catonis
757 2690 868 2744 oratoris
881 2689 938 2744 sili-
