2022 3010
112 171 142 220 tt
346 175 495 220 IUSTINI
517 175 672 220 HISTOR.

109 275 190 329 fines:
211 291 298 345 neque
308 275 379 328 enim
389 292 483 347 agrum
494 267 621 336 exercent,
634 289 681 327 neo
690 271 786 327 domus
795 273 849 327 illis
860 274 914 330 ulla

110 359 156 403 aut
170 357 265 402 tectum
281 357 327 402 aut
338 347 413 402 sedes
427 356 473 412 est,
491 357 608 402 armenta
619 356 644 401 et
652 365 744 418 pecora
753 367 858 420 semper
867 367 915 420 pa-

108 424 284 488 scentibus‚et
293 440 339 494 per
349 422 461 476 incultas
471 422 625 477 solitudines
634 440 720 476 errare
728 423 821 476 solitis.
843 425 915 478 Uxo-

110 515 152 552 res
163 497 311 568 liberosque
321 514 410 550 secum
422 497 449 551 in
460 496 583 568 plaustris
595 497 702 560 vehunt,
714 498 823 568 quibus,
836 498 914 552 coriis

111 572 239 625 imbrium
254 571 403 643 hiemisque
415 589 493 626 causa
503 573 583 636 tectis,
599 588 646 640 pro
656 571 780 626 domibus
793 580 912 627 utuntur.

38 681 42 689 ·
111 647 194 701 lustit'
177 653 210 700 tra
221 647 307 719 gentis
318 647 431 720 ingeniis
442 646 519 710 culta,
532 663 583 700 non
594 645 708 718 legibus.
737 646 849 700 Nullum
859 665 915 702 soe-

111 721 153 775 lus
172 721 243 793 apud
261 739 304 776 eos
321 687 390 776 furto
408 721 529 794 gravius:
555 721 655 792 quippe
671 720 728 774 sine
747 721 806 775 tecti
824 720 921 776 muni-

111 805 199 850 mento
213 814 303 867 peoora
314 805 338 850 et
349 803 465 850 armenta
476 795 633 848 habentibus
643 795 710 866 quid
719 795 824 850 salvum
835 804 910 859 esset,

29 901 34 904 -
109 890 135 926 sr
128 871 230 925 'iurari
249 869 352 924 liceret?
379 869 483 924 Aurum
498 877 523 924 et
540 877 677 942 argentum
694 886 747 923 non
762 870 871 941 perinde
885 887 915 924 ac

110 945 207 1016 reliqui
227 945 349 1000 mortales
367 951 504 1014 appetunt.
532 946 609 998 Lacte
627 951 651 997 et
670 943 747 998 melle
763 953 913 999 vescuntur.

111 1022 198 1073 Lanae
211 1019 243 1072 iis
258 1037 323 1072 usus
338 1034 368 1072 ae
378 1018 491 1072 vestium
507 1018 611 1090 ignotus
621 1025 669 1083 est,
685 1037 840 1090 quanquam
851 1037 915 1074 eon-

109 1094 193 1146 tiuuis
213 1093 354 1165 frigoribus
375 1101 499 1161 urantur3'
521 1092 635 1164 pellibus
655 1100 742 1147 tamen
755 1093 853 1149 -ferinis
869 1101 915 1148 aut

111 1167 225 1222 murinis
235 1176 354 1221 utuntur.
385 1169 452 1220 llaec
461 1168 618 1221 continentia
629 1166 681 1221 illis
692 1185 795 1222 morum
806 1186 915 1240 quoque

111 1242 239 1296 iustitiam
249 1242 339 1306 edidit
347 1241 413 1295 nihil
427 1241 543 1296 alienum
553 1241 807 1312 concupiscentibus.
830 1243 915 1328 Quip

109 1335 143 1389 pe
154 1315 252 1370 ibidem
262 1283 415 1371 divitiarum
425 1315 521 1388 cupido
531 1325 577 1380 eet,
585 1317 632 1370 ubi
642 1325 749 1370 etusus
770 1317 856 1387 Atque
864 1319 917 1372 uti

111 1409 173 1446 nam
183 1390 293 1462 reliquis
302 1390 457 1445 mortalibus
467 1390 562 1444 similis
572 1391 713 1446 moderatio
723 1399 747 1444 et
757 1391 915 1446 abstinentia

108 1466 189 1520 alieni
205 1465 282 1521 foret:
308 1465 420 1538 prolecto
435 1482 487 1519 nou
501 1472 604 1520 tantum
619 1465 750 1520 bellorum
765 1468 914 1536 peremnia

109 1541 198 1596 secula
208 1542 283 1596 terris
296 1541 420 1596 omnihus
432 1540 639 1596 continuaretur:
662 1557 747 1612 neque
756 1540 817 1610 plns
828 1542 916 1595 homi-

111 1635 177 1672 num
193 1615 290 1671 ferrum
305 1624 330 1671 et
342 1634 424 1680 arma,
441 1632 522 1687 qnam
532 1613 657 1669 naturalis
667 1614 778 1668 latorum
788 1615 913 1676 conditio.

112 1699 221 1761 raperet.
237 1693 346 1744 Prorsus
353 1690 539 1744 utadmirabile
547 1689 672 1754 videatur,
680 1689 915 1746 hocillisnaturam

111 1766 181 1826 dare,
190 1765 261 1834 quod
272 1765 364 1818 Graeci
375 1763 450 1836 longa
463 1765 620 1834 sapientium
631 1764 746 1818 doctrina
758 1767 916 1835 praeceptis-

110 1857 165 1910 que
175 1837 392 1908 philosophorum
402 1839 527 1908 oonseqni
539 1847 685 1909 nequeunt;
708 1839 847 1910 cultosque
858 1858 916 1894 mo-

110 1931 152 1967 res
171 1911 284 1966 incultae
301 1913 435 1966 barbariae
450 1911 585 1966 collatione
600 1914 726 1984 superari.
757 1914 839 1968 Tanto
852 1915 916 1984 plus

111 1989 139 2042 in
150 1986 203 2040 illis
218 1987 320 2057 proficit
330 1988 454 2042 vitiorum
466 1987 603 2060 ignoratio,
616 2004 698 2059 quam
709 1990 736 2042 in
747 1988 789 2041 his
799 1989 916 2061 cognitio

111 2062 227 2118 virtutis.

166 2137 237 2192 Car.
259 2139 303 2191 ΙΙΙ.
324 2138 467 2208 Imperium
478 2137 556 2192 Asiae
565 2146 603 2191 ter
612 2137 778 2208 quaesivere
792 2137 843 2208 ipsi
854 2155 918 2208 per-

111 2221 189 2284 petuo
198 2213 231 2266 ab
241 2212 325 2267 alieno
336 2212 445 2286 imperio
455 2221 500 2267 aut
511 2213 608 2275 intacti,
624 2219 669 2265 aut
678 2211 769 2265 invicti
782 2229 914 2268 mansere.

111 2287 229 2350 Darium,
245 2305 334 2359 regern
353 2289 501 2352 Persarum,
518 2287 588 2358 turpi
601 2287 635 2340 ab
650 2286 755 2360 Scythia
770 2286 917 2340 submove-

110 2367 173 2412 runt
190 2357 266 2430 suga:
293 2361 393 2433 Cyrum
407 2380 467 2415 cum
483 2363 555 2415 omni
570 2361 685 2415 exercitu
700 2360 914 2430 trucidaverunt3

111 2433 253 2485 Alexandri
264 2435 351 2505 Magni
362 2435 456 2488 ducem
467 2437 611 2507 Zopyriona
622 2435 679 2505 pari
691 2436 788 2488 ratione
798 2452 860 2488 eum
872 2453 918 2490 eo-

110 2504 162 2570 piis
176 2506 308 2558 universis
321 2507 487 2562 deleverunt:
513 2511 691 2563 Romanorum
705 2508 843 2574 audivere,
861 2529 918 2566 non

109 2591 227 2640 sensere,
253 2595 335 2632 arma
365 2582 516 2634 Parthicum
536 2591 561 2636 et
582 2581 777 2636 Bactrianum
770 2584 917 2652 imperium

110 2643 162 2709 ipsi
173 2649 354 2706 condiderunt
376 2653 588 2710 Genslahoribus
601 2664 625 2710 et
637 2656 714 2710 bellis
724 2672 829 2726 aspera:
844 2660 920 2714 vires
