2014 3000
350 143 438 232 mn.
458 185 492 234 v.
523 187 601 234 can.
621 188 645 235 4.
872 185 904 237 ro

98 302 132 338 eo
147 283 216 338 bello
233 284 318 338 maior
331 302 392 356 pars
406 285 544 352 exercitus,
561 295 586 340 et
595 304 686 342 omnes
695 285 776 340 ferme
788 287 904 343 hostium

99 359 183 412 duces
195 359 279 412 caesi:
301 377 381 413 naves
391 379 452 414 oxu
462 369 559 432 captae.
580 361 722 416 interiectis
733 379 839 433 quoque
849 363 905 417 die-

100 433 162 495 bus,
170 450 256 504 quum
267 432 367 492 bellum
374 435 570 490 Lacedaemonii
581 454 595 492 a
604 437 672 491 mari
681 437 708 490 in
717 444 810 490 terram
819 445 905 504 trans-

101 507 235 572 tulissent,
257 507 347 562 iterato
369 509 518 566 vincuntur.
552 511 598 564 llis
617 509 695 566 malis
709 509 791 575 fracti,
813 529 903 582 pacem

100 583 211 652 petiere:
234 599 317 652 quam
328 600 361 636 ne
373 584 525 654 acciperent,
540 603 617 655 opera
628 603 718 639 eorum
727 585 846 640 ellectum
855 597 902 652 est,

102 657 204 727 quibus
217 673 247 710 ea
262 675 302 710 res
311 665 450 730 quaestum
465 660 617 730 praestabat.
650 661 748 714 Interea
757 669 782 713 et
791 660 906 734 Syracu-

100 748 230 784 sanorum
251 731 350 786 auxilia
369 732 472 786 illatum
489 751 504 788 a
524 733 784 806 Carthaginiensibus
802 733 905 790 Siciliae

102 805 204 860 bellum
218 805 328 860 domum
345 807 488 862 revocavit:
509 808 609 879 quibus
623 808 702 860 rebus
716 806 845 860 destitutis
855 810 906 862 La-

101 880 292 944 cedaemoniis,
309 880 457 936 Alcibiades
473 899 534 937 cum
548 881 631 936 classe
640 882 744 936 victrice
757 881 848 936 Asiam
859 901 906 938 va-

103 963 166 1008 stat:
199 953 291 1009 multis
312 955 374 1010 locis
388 956 486 1026 proelia
500 955 574 1011 lacit:
600 957 700 1028 ubique
715 956 796 1010 victor
814 957 906 1028 recipit

101 1029 231 1094 civitates,
248 1047 315 1100 quae
331 1029 489 1085 deiecerant:
512 1031 652 1086 nonnullas
668 1031 744 1102 capit,
760 1039 785 1085 et
795 1031 905 1103 imperio

103 1104 306 1157 Atheniensium
327 1104 427 1158 adiicit:
459 1112 537 1178 atque
555 1106 589 1159 ita
608 1107 694 1177 prisca
714 1106 810 1160 navali¹
821 1107 905 1178 gloria

103 1177 246 1239 vindicata,
263 1178 359 1232 adiecta
375 1179 453 1233 etiam
467 1179 544 1234 laude
554 1181 681 1234 terrestris
691 1180 762 1244 belli,
774 1181 907 1234 desidera-

103 1261 148 1306 tus
158 1253 263 1306 civibus
274 1253 330 1306 suis
341 1253 455 1308 Athenas
465 1255 609 1310 revertitur.
639 1256 684 1308 llis
695 1255 820 1310 omnibus
829 1273 907 1326 proe-

103 1326 148 1380 liis
168 1326 294 1380 ducentae
315 1346 395 1382 naves
414 1329 543 1394 hostium,
559 1337 584 1383 et
602 1329 697 1400 praeda
712 1327 805 1401 ingens
820 1337 904 1399 capta.

103 1401 146 1456 Ad
162 1401 234 1454 huno
247 1401 379 1456 redeuntis
393 1404 523 1457 exercitus
538 1404 704 1474 triumphum
718 1404 800 1457 ellusa
819 1403 906 1458 omnis

103 1475 248 1530 multitudo
258 1477 363 1531 obviam
375 1477 505 1548 procedit:
527 1487 551 1532 et
565 1479 702 1532 universos
716 1477 824 1547 quidem
835 1477 908 1530 mili-

102 1559 151 1614 ωε,
173 1551 312 1621 praecipue
326 1559 412 1606 tamen
433 1551 610 1616 Alcibiadem,
627 1552 770 1616 mirantur:
792 1551 820 1602 in
834 1549 908 1604 hunc

101 1623 193 1680 oculos
203 1625 295 1680 civitas
306 1626 439 1690 universa,
452 1627 479 1680 in
491 1627 564 1680 hunc
573 1643 701 1696 suspensa
711 1642 755 1678 ora
766 1625 904 1698 convertit:

103 1701 177 1754 bunc
186 1701 264 1772 quasi
275 1699 307 1754 de
317 1700 386 1755 coelo
396 1701 519 1765 missum,
531 1708 556 1754 et
567 1707 596 1754 ut
605 1697 834 1771 ipsamVictoriam
844 1717 907 1754 con-

103 1783 226 1828 luantur:
249 1773 364 1840 laudant,
377 1793 446 1848 quae
455 1793 504 1846 pro
512 1775 604 1846 patria,
618 1793 665 1828 nec
674 1775 763 1828 minus
774 1773 908 1828 admiran-

103 1857 155 1912 tur,
167 1867 237 1920 quae
246 1850 321 1904 exsul
333 1859 421 1904 contra
432 1851 550 1923 gesserit,
566 1857 720 1904 excusantes
734 1849 794 1920 ipsi,
805 1850 907 1904 'iratum

100 1932 328 1996 provocatumque
341 1924 441 1978 lesisse.
475 1925 618 1980 Enimvero
632 1933 734 1978 tantum
747 1925 775 1978 in
787 1942 840 1978 uno
852 1925 917 1978 viro·

101 1999 185 2054 luisse
199 2000 335 2064 momenti,
352 2007 382 2052 ut
396 1999 506 2053 maximi
520 1999 623 2070 imperii
634 1999 754 2053 subversi
765 2005 790 2052 et
799 2015 907 2052 rursum

100 2075 198 2144 recepti
218 2081 308 2128 auctor
328 2082 408 2142 esset,
439 2082 464 2128 et
483 2074 555 2128 unde
574 2074 694 2137 stetisset,
715 2090 745 2126 eo
759 2090 787 2125 se
799 2072 907 2126 victoria

101 2147 266 2216 transferret,
299 2148 423 2220 fieretque
436 2148 543 2202 cum‘eo
559 2149 626 2201 mira
641 2146 770 2217 quaedam
789 2144 908 2200 fortunae

100 2223 249 2278 inclinatio.
267 2223 351 2295 Igitur
360 2223 485 2277 omnibus
496 2240 548 2278 non
559 2221 684 2275 humanis
696 2227 907 2285 tantum‚verum

97 2307 124 2351 et
139 2297 243 2351 divinis
258 2314 319 2350 eum
334 2298 479 2352 honoribus
494 2304 617 2364 onerant;
638 2301 737 2349 certant
745 2311 835 2348 secum
846 2295 906 2367 ipsi,

98 2381 194 2426 utrum
210 2371 427 2427 contumeliosius
441 2390 503 2426 eum
517 2371 673 2442 expulerint,
686 2389 718 2424 an
731 2371 909 2426 revocaverint

97 2447 268 2502 honoratius.
300 2449 373 2517 Ipsos
389 2447 427 2500 illi
443 2447 505 2502 deos
520 2446 680 2520 gratulantes
695 2444 776 2499 tulere
789 2445 906 2502 obviam,

97 2539 219 2593 quorum
244 2521 467 2576 exsecrationibus
486 2528 540 2575 erat
559 2521 678 2576 devotus.
712 2520 745 2572 Et
760 2519 802 2570 cui
820 2515 911 2594 paullo

98 2605 163 2650 ante
184 2613 293 2650 omnem
312 2597 458 2652 humanam
477 2595 554 2666 opem
574 2595 776 2654 interdixerant,
794 2605 864 2649 eum,
887 2603 910 2636 sr

95 2669 331 2744 queant,in·coelo
342 2671 463 2742 posuisse
473 2671 594 2740 cupiunt.
615 2653 907 2737 Explenteontumelia‘

137 2763 262 2816 lusurus.
722 2753 744 2803 D
822 2747 831 2758 ¹
