1998 3006
121 142 169 195 tut
352 144 676 190 rusT1u1n1sTou.
761 111 764 120 ¹

120 253 155 302 cti
169 250 237 300 estis.
267 246 319 300 Sed
331 251 383 303 ista
397 249 499 298 omitto:
519 249 677 312 nequeenim
686 248 794 297 miseros
805 249 920 300 conoide

118 327 220 375 deceat:
240 337 320 372 unum
337 338 390 382 ore,
405 325 429 372 si
437 324 629 386 propositorum
640 319 762 386 Antiponi
774 323 802 371 in
812 336 866 372 meo
876 338 920 373 ca-

115 401 170 464 pite
181 411 281 448 summa
292 399 416 456 consistit,
430 399 497 446 inter
507 411 551 446 vos
561 411 600 446 me
611 396 696 446 uetitis
706 397 783 446 mori.
805 394 922 447 Namne-

118 487 166 538 que
175 472 248 522 itlius
258 473 371 532 interest,
384 471 596 537 quemadmodum
606 470 707 520 autulii
717 471 824 532 oadam;
844 477 867 520 et
877 485 921 536 epo
982 483 983 528 t

115 549 191 612 [uero
204 548 347 610 ipnominia
361 549 452 597 uiortis
469 545 603 596 liberatus.
635 543 689 594 Hoc
702 546 726 594 si
739 547 857 608 impetro,
868 544 921 596 sai·
982 539 983 548 ’

116 635 149 672 uo
163 635 208 672 vos
222 623 400 680 iureiurando,
417 635 467 686 quo
482 621 555 670 toties
572 633 616 669 uos
627 625 790 669 sacramento
800 619 864 669 miti
875 621 921 669 de-
982 629 983 636 ¹

116 697 233 746 vovistis.
253 693 305 746 Aut
314 697 338 746 si
347 697 415 760 ipsos
424 696 502 758 pudet
511 696 616 758 roparrti
625 694 678 744 uim
686 693 816 752 adhibere,
822 695 920 758 serrum
982 757 983 766 ἵ

117 769 167 820 lruo
177 773 251 833 date;
272 776 295 820 et
303 771 452 834 permittite,
467 769 534 834 quod
545 782 589 818 vos
597 771 714 832 [aeternos
720 782 771 831 pro
780 769 921 831 imperato-
982 767 983 796 ³

117 859 146 894 re
161 846 278 904 iurastis,
294 846 475 909 imperatorem
484 857 535 906 pro
549 842 620 892 uobis
629 843 684 892 sine
696 841 822 906 retipione
839 843 919 892 iuris-
982 833 983 872 ³

117 919 226 969 iurandi
248 921 342 984 faeere.
372 914 461 980 Quum
483 931 535 966 non
557 913 691 976 obtineret,
712 929 801 983 preces
814 913 842 966 in
855 913 920 966 iram

117 991 201 1044 vertit.
217 991 263 1042 ,At
272 1007 326 1051 vos,
338 989 383 1051 ait,
397 994 490 1043 deuota
503 993 599 1055 capita,
610 992 751 1056 respiciant
760 992 799 1040 dii
803 989 921 1054 periuri-

118 1081 192 1118 orum
214 1067 344 1129 uindices;
366 1067 480 1132 talesque
498 1067 570 1116 uobis
587 1067 674 1116 emitae
688 1067 755 1124 dent,
772 1066 864 1130 quates
876 1079 922 1116 uos

117 1141 226 1190 diesibus
235 1143 328 1191 uestris
340 1142 454 1192 dedistis.
485 1139 580 1204 Nempe
588 1155 633 1190 eros
641 1141 719 1190 iidem
725 1139 817 1204 paullo
827 1145 887 1190 ante
897 1145 922 1190 et

117 1213 255 1264 Perdiccae
269 1217 395 1280 satrpuine
410 1217 470 1266 estis
484 1216 602 1278 adspersi
617 1220 641 1264 et
657 1216 685 1264 in
693 1213 861 1277 Antipatrum
875 1229 922 1265 ea-
982 1257 983 1260 ,

116 1289 173 1338 dem
189 1289 281 1339 moliti.
312 1288 399 1354 Ipsam
413 1291 521 1356 denique
535 1287 723 1348 Alexandrum,
738 1290 762 1338 si
775 1291 818 1354 {as
829 1291 923 1354 suisset
982 1303 983 1360 j

117 1377 174 1412 eum
187 1363 293 1414 nrortati
306 1379 385 1415 mauu
400 1367 499 1423 eadere,
515 1365 686 1422 interemtum,
698 1364 765 1428 quod
775 1365 922 1414 nuptorum
982 1361 983 1386 l

116 1439 355 1497 erat,seditionibus
368 1441 498 1504 apitustis.
522 1436 619 1488 Ultima
628 1452 696 1488 narro
708 1451 753 1502 epo
760 1439 923 1504 perfidorum
982 1449 983 1454 ’

116 1514 222 1564 uictima
242 1513 289 1564 has
307 1514 378 1564 voto
397 1514 472 1564 diras
485 1519 562 1577 atque
575 1514 685 1576 iuferius
698 1513 770 1562 dico:
789 1519 818 1562 ut
833 1515 924 1577 inopes
982 1517 983 1520 ’

117 1594 285 1652 extorresque
298 1602 370 1638 omne
386 1602 477 1638 aeuum
486 1589 514 1637 in
524 1587 570 1637 ttoo
581 1588 707 1637 castrensi
717 1585 812 1637 cnsilio
823 1590 921 1652 epatis,

117 1662 287 1728 deponentque
292 1677 418 1714 sosarmo
428 1668 523 1716 uestra.
535 1661 627 1726 quibus
634 1661 724 1725 piures
733 1667 833 1712 uestras
843 1677 924 1728 quarn

116 1735 226 1786 hostium
240 1738 317 1786 duces
326 1737 497 1786 oosuustsus.
526 1732 623 1786 Plenus
633 1732 726 1786 deinde
738 1732 790 1786 irae
799 1734 924 1788 custodes

116 1825 178 1860 suas
198 1807 348 1876 praecedere
368 1807 401 1860 ad
423 1807 549 1880 Antigoni
568 1815 650 1861 castra
674 1808 764 1877 coepit.
794 1807 925 1880 Sequitur

116 1881 244 1934 exercitus
255 1881 355 1950 prodito
365 1881 518 1952 imperatore
531 1900 580 1937 suo
589 1890 613 1935 et
624 1882 814 1953 ipseoaptivus‚
826 1885 924 1938 trium-

116 1956 254 2026 plrumque
269 1959 301 2008 de
317 1973 345 2008 se
361 1957 418 2026 ipso
433 1957 465 2010 ad
478 1958 582 2011 victoris
592 1959 635 2011 sui
644 1966 727 2011 castra
737 1957 819 2021 ducit,
832 1959 924 2012 omnia

116 2031 232 2102 auspicia
242 2031 311 2104 regis
322 2030 464 2086 Alexandri
474 2040 499 2086 et
510 2040 543 2086 tot
553 2031 680 2086 bellorum
692 2031 794 2102 palmas
806 2032 926 2087 laureas-

116 2123 169 2176 que
189 2125 241 2160 una
261 2123 351 2160 secum
371 2107 462 2160 uictori
484 2107 626 2160 tradentes:
647 2115 673 2160 et
692 2107 805 2177 nequid
821 2108 927 2162 deesset

115 2198 235 2252 pompae,
255 2180 385 2252 elephanti
401 2199 508 2253 quoque
522 2189 546 2234 et
560 2180 660 2236 auxilia
675 2180 815 2236 Orientalia
828 2183 927 2237 subse-

116 2265 244 2323 quuntur.
266 2258 347 2310 Tanto
358 2256 492 2326 pulchrior
503 2257 566 2310 haee
575 2256 707 2328 Antigono
717 2257 928 2326 quamdlexan-

116 2328 163 2380 dro
174 2339 209 2382 tot
219 2331 338 2384 victoriae
348 2329 466 2386 suerunt:
482 2340 511 2384 ut
521 2348 607 2402 quum
618 2330 662 2384 ille
673 2329 806 2384 Orientem
817 2332 923 2394 vicerit,
982 2347 983 2356 ¹

116 2401 159 2452 hio
176 2403 253 2455 etiarn
267 2421 319 2467 eoa
335 2423 349 2457 a
363 2407 463 2474 quibus
474 2405 568 2460 Oriens
579 2406 664 2459 victus
675 2405 765 2468 luerat,
779 2423 927 2476 superave—
982 2399 983 2406 ¹

115 2474 158 2554 rit.
181 2476 263 2544 igitur
276 2477 425 2548 Antigonus
441 2480 581 2534 domitores
591 2479 649 2534 illos
660 2480 730 2534 orbis
740 2481 869 2536 exercitui
877 2481 934 2536 su'o

115 2544 222 2609 dividit²
235 2550 343 2602 redditis
353 2569 444 2606 eorum
455 2572 524 2624 quae
533 2555 560 2608 in
574 2555 680 2609 uictoria
691 2563 801 2625 asperat,
823 2557 934 2612 Eume-

115 2630 175 2668 nen
199 2637 257 2673 uero
276 2626 434 2684 verecundia
454 2628 549 2696 prioris
565 2630 693 2684 amicitiae
708 2629 735 2684 in
751 2639 932 2703 conspectum
