1998 3006
108 165 156 218 llss
344 169 493 214 IUSTINI
512 167 664 212 HISTOR.

106 270 229 326 Crateron
262 277 287 323 et
313 268 481 340 Antipatrum
515 267 688 334 constituunt,
720 265 913 339 confestimque

107 345 134 398 in
147 351 261 398 tutorum
274 345 401 416 obsequia
412 343 509 396 iurant.

161 418 230 472 Cer.
246 419 289 472 ΙΙΙ,
310 417 399 484 Quum
411 417 512 488 equites
522 432 630 487 quoque
640 413 710 468 idem
720 413 849 480 fecissent,
865 433 912 486 pe-

105 493 171 546 dites
187 491 317 566 indignati
331 492 418 548 nullas
434 492 485 546 sibi
504 490 677 544 consiliorum
691 498 777 560 partes
796 489 909 556 relictas
996 495 997 550 i

105 567 258 631 Aridaeum,
275 567 417 622 Alexandri
433 566 548 630 fratrem,
561 582 650 637 regem
660 564 800 635 appellant,
814 564 912 618 satelli·
996 577 997 608 ὲ

105 648 197 713 resque
208 641 247 696 illi
257 659 291 698 ex
301 643 379 696 turba
389 659 437 696 sua
449 642 548 714 legunt,
556 648 581 693 et
591 640 699 693 nomine
709 639 823 710 Philippi
829 641 912 710 patris
996 647 997 710 ἶ

105 717 194 770 vocari
207 717 308 772 iubent.
338 717 410 784 Quae
424 734 509 788 quum
526 714 643 769 nuntiata
662 715 795 785 equitibus
813 725 910 776 essent,
996 723 997 734 ¹

105 789 203 864 legatos
218 792 251 846 ad
272 793 430 865 mitigandos
444 808 536 845 eorum
551 789 653 843 animos
666 789 732 844 duos
749 807 782 844 ex
797 791 913 860 proceri·
996 785 997 848 l

105 865 167 931 hus,
188 867 305 920 Attalum
320 878 344 920 et
358 866 528 939 Meleagrum,
545 865 665 918 mittunt:
687 864 748 935 qui,
768 865 912 935 potentiam
996 887 997 932 1

105 959 138 995 cx
149 940 223 1013 vulgi
233 941 381 995 adulatione
396 949 558 1012 quaerentes,
573 939 670 992 omissa
683 938 809 1012 legatione
819 939 913 994 militi-

105 1015 156 1070 bus
171 1015 347 1068 conseotiunt.
378 1015 471 1069 Statim
485 1022 510 1068 et
523 1013 615 1068 seditio
630 1015 719 1076 crevit,
737 1014 784 1067 ubi
798 1023 913 1084 caputet
996 1027 997 1078 j

105 1089 455 1160 consiliumlraberecoepit.
483 1091 558 1143 Tunc
568 1088 600 1142 ad
609 1087 750 1142 delendum
761 1089 913 1159 equitatum
996 1097 997 1144 i

12 1191 15 1194 ·
104 1163 192 1217 cuncti
207 1163 301 1216 armati
314 1163 341 1217 in
356 1165 454 1236 regiam
466 1164 632 1234 irrumpunt:
654 1181 707 1234 quo
720 1163 825 1235 cognito
833 1165 914 1234 equi-
996 1221 997 1230 ,

104 1247 143 1292 tes
158 1238 252 1308 trepidi
267 1239 300 1292 ab
318 1239 384 1292 urbe
398 1239 546 1298 discedunt,
562 1237 707 1308 castrisque
720 1237 811 1308 positis
823 1246 847 1291 et
858 1238 912 1310 ipsi
996 1269 997 1288 r

104 1312 204 1384 pedites
220 1319 315 1367 terrere
327 1321 475 1384 coeperunt.
506 1313 557 1367 Sed
575 1329 622 1366 nec
638 1329 775 1382 procerum
796 1313 863 1366 inter
884 1331 915 1368 sc
996 1335 997 1380 }

104 1387 164 1442 odia
181 1388 325 1442 cessabant.
354 1387 457 1442 Attalus
473 1387 506 1441 ad
520 1387 730 1441 interficiendum
747 1387 911 1454 Perdiccam,

105 1462 199 1518 ducem
210 1463 291 1534 partis
302 1462 418 1527 alteriue,
427 1461 518 1516 mittit:
531 1461 564 1515 ad
575 1479 655 1534 quem
666 1469 795 1516 armatum
808 1470 832 1516 et
841 1463 915 1519 ultro

105 1546 241 1593 vocantem
251 1556 336 1610 quum
347 1537 466 1592 accedere
475 1554 641 1608 percussores
651 1537 707 1589 ausi
719 1553 770 1590 non
786 1536 911 1604 fuissent,

105 1621 175 1668 tanta
183 1613 327 1668 constantia
338 1613 474 1666 Perdiccae
485 1611 542 1674 luit,
557 1619 586 1665 ut
599 1610 668 1666 ultro
678 1611 711 1664 ad
723 1611 821 1681 pedites
833 1614 915 1666 veni-

105 1698 144 1742 ret
153 1696 178 1742 et
188 1689 214 1742 in
227 1688 377 1742 concionem
389 1694 492 1742 vocatos
502 1687 626 1750 edoceret,
642 1691 709 1754 quod
718 1691 823 1756 [ocinus
832 1691 915 1742 molt-

104 1772 210 1828 reutur;
230 1767 395 1830 respicerent,
413 1771 503 1816 coutra
514 1766 837 1831 quosurmocumsissent:
858 1780 916 1818 uon

104 1841 165 1891 illos
179 1838 279 1898 Persas,
295 1841 340 1889 ced
354 1837 509 1891 Macedones
514 1857 523 1904 ,·
542 1854 594 1890 uou
607 1840 697 1897 liostea,
708 1840 753 1889 sed
764 1842 831 1890 ciues
841 1854 916 1906 csse,-

101 1914 240 1979 plcroaque
264 1915 341 1963 ettam
361 1919 482 1978 cepuotos
505 1929 604 1973 eorum,
627 1920 694 1964 certe
716 1914 914 1977 commilitones,

105 1988 251 2040 eorumdem
267 1994 412 2038 castrorum
429 2003 461 2038 uc
472 1989 650 2052 periculorum
668 1989 765 2049 sociae,
794 1990 918 2041 edituros

104 2062 196 2114 deiude
211 2064 342 2128 epreptum
355 2063 469 2113 testibus
483 2064 538 2113 suis
550 2063 733 2127 spectaculum,
749 2069 786 2122 ut,
799 2078 918 2130 quorum

104 2138 188 2190 ermis
204 2139 287 2188 victos
299 2152 326 2187 se
340 2137 451 2198 doleant,
467 2151 555 2187 eorum
569 2139 666 2188 utututa
681 2138 801 2189 coedibus
811 2140 921 2204 paude-

105 2219 159 2272 uut,
170 2218 405 2279 parcotuturcaque
417 2213 543 2277 souputm
551 2225 598 2262 suc
610 2212 730 2263 mortibus
738 2213 849 2264 hostium
858 2229 877 2266 α
885 2228 922 2265 se

104 2288 305 2351 interfectorum.
375 2313 379 2321 «

160 2356 229 2409 Cer.
250 2358 293 2413 lV.
323 2359 391 2412 Haec
409 2375 495 2428 quum
515 2375 563 2428 pro
575 2356 705 2430 singulari
723 2355 846 2412 facundia
863 2377 923 2416 sua

104 2427 225 2481 Perdicca
237 2441 390 2498 perorasset,
403 2432 467 2484 adeo
477 2433 560 2485 movit
571 2432 679 2502 pedites,
692 2440 721 2486 ut
730 2433 838 2503 probato
849 2451 924 2490 con-

104 2497 164 2552 silio
178 2501 235 2553 eius
250 2503 306 2556 dux
323 2505 356 2557 ab
370 2505 496 2559 omnibus
511 2505 648 2578 legeretur.
679 2509 746 2560 Tum
757 2510 871 2580 equites,
885 2510 923 2566 in
996 2553 997 2556 ,

105 2573 270 2628 concordiam
286 2579 406 2641 revocati,
426 2579 452 2631 in
471 2580 612 2634 Aridacum
628 2599 716 2653 regem
731 2583 923 2642 consentiunt.

105 2637 211 2696 Servata
224 2654 263 2698 est
275 2649 359 2715 portio
374 2652 449 2722 regni
463 2653 606 2708 Alexandri
621 2655 684 2720 filio,
699 2655 723 2708 si
737 2665 816 2713 natus
830 2668 924 2715 esset.
996 2661 997 2682 ¹
