<?xml version="1.0" encoding="UTF-8"?>
<!DOCTYPE html PUBLIC "-//W3C//DTD XHTML 1.0 Transitional//EN"
    "http://www.w3.org/TR/xhtml1/DTD/xhtml1-transitional.dtd">
<html xmlns="http://www.w3.org/1999/xhtml" xml:lang="en" lang="en">
 <head>
  <title>
</title>
<meta http-equiv="Content-Type" content="text/html;charset=utf-8" />
  <meta name='ocr-system' content='tesseract 3.04.00' />
  <meta name='ocr-capabilities' content='ocr_page ocr_carea ocr_par ocr_line ocrx_word'/>
</head>
<body>
  <div class='ocr_page' id='page_1' title='image "./justinihistoria00justgoog_0171.png"; bbox 0 0 1984 3010; ppageno 0'>
   <div class='ocr_carea' id='block_1_1' title="bbox 148 195 706 248">
    <p class='ocr_par' dir='ltr' id='par_1_1' title="bbox 148 195 706 248">
     <span class='ocr_line' id='line_1_1' title="bbox 148 195 706 248; baseline -0.009 -1"><span class='ocrx_word' id='word_1_1' title='bbox 148 197 197 248; x_wconf 74' lang='lat'><strong>⁴58</strong></span> <span class='ocrx_word' id='word_1_2' title='bbox 380 197 532 243; x_wconf 71' lang='lat' dir='ltr'><strong>IU&#39;STINI</strong></span> <span class='ocrx_word' id='word_1_3' title='bbox 550 195 706 242; x_wconf 84' lang='lat' dir='ltr'>HISTOR.</span> 
     </span>
    </p>
   </div>
   <div class='ocr_carea' id='block_1_2' title="bbox 142 295 980 2456">
    <p class='ocr_par' dir='ltr' id='par_1_2' title="bbox 142 295 980 2456">
     <span class='ocr_line' id='line_1_2' title="bbox 146 295 946 368; baseline -0.003 -14"><span class='ocrx_word' id='word_1_4' title='bbox 146 305 221 355; x_wconf 88' lang='lat' dir='ltr'><strong>runt:</strong></span> <span class='ocrx_word' id='word_1_5' title='bbox 245 313 291 352; x_wconf 86' lang='lat' dir='ltr'><strong>neo</strong></span> <span class='ocrx_word' id='word_1_6' title='bbox 300 296 350 351; x_wconf 91' lang='lat' dir='ltr'><strong>alia</strong></span> <span class='ocrx_word' id='word_1_7' title='bbox 361 315 438 351; x_wconf 89' lang='lat' dir='ltr'><strong>causa</strong></span> <span class='ocrx_word' id='word_1_8' title='bbox 451 296 572 350; x_wconf 91' lang='lat' dir='ltr'><strong>victoriae</strong></span> <span class='ocrx_word' id='word_1_9' title='bbox 581 295 639 360; x_wconf 88' lang='lat' dir='ltr'><strong>fuit,</strong></span> <span class='ocrx_word' id='word_1_10' title='bbox 650 313 733 366; x_wconf 92' lang='lat' dir='ltr'><strong>quam</strong></span> <span class='ocrx_word' id='word_1_11' title='bbox 743 295 815 367; x_wconf 93' lang='lat' dir='ltr'><strong>quod</strong></span> <span class='ocrx_word' id='word_1_12' title='bbox 826 295 946 368; x_wconf 87' lang='lat' dir='ltr'><strong>despera-</strong></span> 
     </span>
     <span class='ocr_line' id='line_1_3' title="bbox 145 369 946 444; baseline 0.001 -18"><span class='ocrx_word' id='word_1_13' title='bbox 145 379 250 428; x_wconf 85' lang='lat' dir='ltr'><strong>verunt.</strong></span> <span class='ocrx_word' id='word_1_14' title='bbox 281 372 465 443; x_wconf 86' lang='lat' dir='ltr'><strong>Pugnantibus</strong></span> <span class='ocrx_word' id='word_1_15' title='bbox 481 372 571 425; x_wconf 89' lang='lat' dir='ltr'><strong>Locris</strong></span> <span class='ocrx_word' id='word_1_16' title='bbox 585 369 674 442; x_wconf 88' lang='lat' dir='ltr'><strong>aquila</strong></span> <span class='ocrx_word' id='word_1_17' title='bbox 688 371 721 424; x_wconf 93' lang='lat' dir='ltr'><strong>ab</strong></span> <span class='ocrx_word' id='word_1_18' title='bbox 735 371 789 424; x_wconf 90' lang='lat' dir='ltr'><strong>acie</strong></span> <span class='ocrx_word' id='word_1_19' title='bbox 799 389 946 444; x_wconf 86' lang='lat' dir='ltr'><strong>numquam</strong></span> 
     </span>
     <span class='ocr_line' id='line_1_4' title="bbox 145 443 980 530; baseline -0.001 -29"><span class='ocrx_word' id='word_1_20' title='bbox 145 447 365 518; x_wconf 87' lang='lat' dir='ltr'><strong>recessit‚eosque</strong></span> <span class='ocrx_word' id='word_1_21' title='bbox 375 454 428 500; x_wconf 92' lang='lat' dir='ltr'><strong>tam</strong></span> <span class='ocrx_word' id='word_1_22' title='bbox 438 446 484 499; x_wconf 93' lang='lat' dir='ltr'><strong>diu</strong></span> <span class='ocrx_word' id='word_1_23' title='bbox 494 443 702 509; x_wconf 87' lang='lat' dir='ltr'><strong>circumvolavit,</strong></span> <span class='ocrx_word' id='word_1_24' title='bbox 710 446 944 516; x_wconf 88' lang='lat' dir='ltr'><strong>quoadviucerent.</strong></span> <span class='ocrx_word' id='word_1_25' title='bbox 979 473 980 530; x_wconf 57' lang='lat' dir='ltr'><strong>q</strong></span> 
     </span>
     <span class='ocr_line' id='line_1_5' title="bbox 145 520 980 592; baseline 0 -17"><span class='ocrx_word' id='word_1_26' title='bbox 145 521 609 592; x_wconf 89' lang='lat' dir='ltr'><strong>Incornibusquoqueduoiuvenes</strong></span> <span class='ocrx_word' id='word_1_27' title='bbox 624 520 947 575; x_wconf 87' lang='lat' dir='ltr'><strong>diversoaceterisarmo-</strong></span> <span class='ocrx_word' id='word_1_28' title='bbox 979 535 980 560; x_wconf 63' lang='lat' dir='ltr'><strong>t</strong></span> 
     </span>
     <span class='ocr_line' id='line_1_6' title="bbox 146 594 980 666; baseline 0.001 -17"><span class='ocrx_word' id='word_1_29' title='bbox 146 614 206 649; x_wconf 92' lang='lat' dir='ltr'><strong>rum</strong></span> <span class='ocrx_word' id='word_1_30' title='bbox 218 595 319 660; x_wconf 88' lang='lat' dir='ltr'><strong>babitu,</strong></span> <span class='ocrx_word' id='word_1_31' title='bbox 332 596 428 649; x_wconf 87' lang='lat' dir='ltr'><strong>eximia</strong></span> <span class='ocrx_word' id='word_1_32' title='bbox 440 595 624 666; x_wconf 77' lang='lat' dir='ltr'><strong>magnitudine</strong></span> <span class='ocrx_word' id='word_1_33' title='bbox 633 601 658 648; x_wconf 90' lang='lat' dir='ltr'><strong>et</strong></span> <span class='ocrx_word' id='word_1_34' title='bbox 668 594 735 648; x_wconf 89' lang='lat' dir='ltr'><strong>albis</strong></span> <span class='ocrx_word' id='word_1_35' title='bbox 745 596 822 666; x_wconf 91' lang='lat' dir='ltr'><strong>equis</strong></span> <span class='ocrx_word' id='word_1_36' title='bbox 833 603 857 649; x_wconf 90' lang='lat' dir='ltr'><strong>et</strong></span> <span class='ocrx_word' id='word_1_37' title='bbox 866 597 947 650; x_wconf 85' lang='lat' dir='ltr'><strong>cocci·</strong></span> <span class='ocrx_word' id='word_1_38' title='bbox 979 627 980 666; x_wconf 75' lang='lat' dir='ltr'><strong>l</strong></span> 
     </span>
     <span class='ocr_line' id='line_1_7' title="bbox 146 667 980 742; baseline 0 -18"><span class='ocrx_word' id='word_1_39' title='bbox 146 671 202 724; x_wconf 90' lang='lat' dir='ltr'><strong>ueis</strong></span> <span class='ocrx_word' id='word_1_40' title='bbox 212 670 405 741; x_wconf 82' lang='lat' dir='ltr'><strong>paludamentis</strong></span> <span class='ocrx_word' id='word_1_41' title='bbox 414 687 534 742; x_wconf 90' lang='lat' dir='ltr'><strong>pugnare</strong></span> <span class='ocrx_word' id='word_1_42' title='bbox 543 669 593 723; x_wconf 90' lang='lat' dir='ltr'><strong>visi</strong></span> <span class='ocrx_word' id='word_1_43' title='bbox 605 676 680 734; x_wconf 86' lang='lat' dir='ltr'><strong>sunt;</strong></span> <span class='ocrx_word' id='word_1_44' title='bbox 699 685 747 722; x_wconf 89' lang='lat' dir='ltr'><strong>uec</strong></span> <span class='ocrx_word' id='word_1_45' title='bbox 756 669 825 723; x_wconf 88' lang='lat' dir='ltr'><strong>ultra</strong></span> <span class='ocrx_word' id='word_1_46' title='bbox 836 687 945 740; x_wconf 89' lang='lat' dir='ltr'><strong>apparu-</strong></span> <span class='ocrx_word' id='word_1_47' title='bbox 979 667 980 730; x_wconf 60' lang='lat' dir='ltr'><strong>l</strong></span> 
     </span>
     <span class='ocr_line' id='line_1_8' title="bbox 146 741 980 818; baseline -0.001 -20"><span class='ocrx_word' id='word_1_48' title='bbox 146 753 231 809; x_wconf 88' lang='lat' dir='ltr'><strong>erunt,</strong></span> <span class='ocrx_word' id='word_1_49' title='bbox 248 763 330 816; x_wconf 91' lang='lat' dir='ltr'><strong>quam</strong></span> <span class='ocrx_word' id='word_1_50' title='bbox 341 751 488 817; x_wconf 92' lang='lat' dir='ltr'><strong>pugnatum</strong></span> <span class='ocrx_word' id='word_1_51' title='bbox 498 751 546 797; x_wconf 92' lang='lat' dir='ltr'><strong>est.</strong></span> <span class='ocrx_word' id='word_1_52' title='bbox 577 745 650 798; x_wconf 90' lang='lat' dir='ltr'><strong>Hanc</strong></span> <span class='ocrx_word' id='word_1_53' title='bbox 663 745 862 798; x_wconf 80' lang='lat' dir='ltr'><strong>admirationem</strong></span> <span class='ocrx_word' id='word_1_54' title='bbox 875 746 946 799; x_wconf 83' lang='lat' dir='ltr'><strong>auxit</strong></span> <span class='ocrx_word' id='word_1_55' title='bbox 979 741 980 818; x_wconf 76' lang='lat' dir='ltr'><strong>i</strong></span> 
     </span>
     <span class='ocr_line' id='line_1_9' title="bbox 145 818 980 890; baseline -0.001 -16"><span class='ocrx_word' id='word_1_56' title='bbox 145 819 309 874; x_wconf 88' lang='lat' dir='ltr'><strong>incredibilis</strong></span> <span class='ocrx_word' id='word_1_57' title='bbox 328 819 412 873; x_wconf 90' lang='lat' dir='ltr'><strong>famae</strong></span> <span class='ocrx_word' id='word_1_58' title='bbox 426 818 556 874; x_wconf 81' lang='lat' dir='ltr'><strong>velocitas</strong></span> <span class='ocrx_word' id='word_1_59' title='bbox 585 819 654 872; x_wconf 87' lang='lat' dir='ltr'><strong>Nam</strong></span> <span class='ocrx_word' id='word_1_60' title='bbox 673 818 764 872; x_wconf 89' lang='lat' dir='ltr'><strong>eadem</strong></span> <span class='ocrx_word' id='word_1_61' title='bbox 781 818 833 883; x_wconf 90' lang='lat' dir='ltr'><strong>die,</strong></span> <span class='ocrx_word' id='word_1_62' title='bbox 851 837 903 890; x_wconf 91' lang='lat' dir='ltr'><strong>qua</strong></span> <span class='ocrx_word' id='word_1_63' title='bbox 918 821 945 873; x_wconf 91' lang='lat' dir='ltr'><strong>in</strong></span> <span class='ocrx_word' id='word_1_64' title='bbox 979 819 980 890; x_wconf 65' lang='lat' dir='ltr'><strong>l</strong></span> 
     </span>
     <span class='ocr_line' id='line_1_10' title="bbox 146 892 980 968; baseline -0.001 -19"><span class='ocrx_word' id='word_1_65' title='bbox 146 893 217 949; x_wconf 88' lang='lat' dir='ltr'><strong>ltalia</strong></span> <span class='ocrx_word' id='word_1_66' title='bbox 233 902 381 966; x_wconf 88' lang='lat' dir='ltr'><strong>pugnatum</strong></span> <span class='ocrx_word' id='word_1_67' title='bbox 396 901 443 956; x_wconf 89' lang='lat' dir='ltr'><strong>est,</strong></span> <span class='ocrx_word' id='word_1_68' title='bbox 460 901 486 946; x_wconf 92' lang='lat' dir='ltr'><strong>et</strong></span> <span class='ocrx_word' id='word_1_69' title='bbox 495 892 620 947; x_wconf 84' lang='lat' dir='ltr'><strong>Corintho</strong></span> <span class='ocrx_word' id='word_1_70' title='bbox 633 900 658 946; x_wconf 93' lang='lat' dir='ltr'><strong>et</strong></span> <span class='ocrx_word' id='word_1_71' title='bbox 667 892 777 947; x_wconf 81' lang='lat' dir='ltr'><strong>Athenis</strong></span> <span class='ocrx_word' id='word_1_72' title='bbox 787 901 812 947; x_wconf 91' lang='lat' dir='ltr'><strong>et</strong></span> <span class='ocrx_word' id='word_1_73' title='bbox 821 894 947 948; x_wconf 87' lang='lat' dir='ltr'><strong>Lacedae·</strong></span> <span class='ocrx_word' id='word_1_74' title='bbox 979 893 980 968; x_wconf 75' lang='lat' dir='ltr'><strong>l</strong></span> 
     </span>
     <span class='ocr_line' id='line_1_11' title="bbox 145 967 980 1023; baseline -0.002 -1"><span class='ocrx_word' id='word_1_75' title='bbox 145 967 527 1023; x_wconf 87' lang='lat' dir='ltr'><strong>monenuntiataestvictoria.</strong></span> <span class='ocrx_word' id='word_1_76' title='bbox 979 977 980 980; x_wconf 78' lang='grc'>’</span> 
     </span>
     <span class='ocr_line' id='line_1_12' title="bbox 201 1040 946 1097; baseline 0 -1"><span class='ocrx_word' id='word_1_77' title='bbox 201 1041 269 1096; x_wconf 80' lang='lat' dir='ltr'><strong>Cur.</strong></span> <span class='ocrx_word' id='word_1_78' title='bbox 285 1043 330 1097; x_wconf 89' lang='lat' dir='ltr'><strong>IV.</strong></span> <span class='ocrx_word' id='word_1_79' title='bbox 352 1044 412 1096; x_wconf 87' lang='lat' dir='ltr'>Post</span> <span class='ocrx_word' id='word_1_80' title='bbox 429 1041 494 1095; x_wconf 89' lang='lat' dir='ltr'><strong>haec</strong></span> <span class='ocrx_word' id='word_1_81' title='bbox 511 1040 726 1096; x_wconf 87' lang='lat' dir='ltr'><strong>Crotoniensibus</strong></span> <span class='ocrx_word' id='word_1_82' title='bbox 750 1041 825 1095; x_wconf 92' lang='lat' dir='ltr'><strong>nulla</strong></span> <span class='ocrx_word' id='word_1_83' title='bbox 843 1043 946 1096; x_wconf 77' lang='lat' dir='ltr'><strong>viuutis</strong></span> 
     </span>
     <span class='ocr_line' id='line_1_13' title="bbox 145 1114 980 1177; baseline 0.001 -7"><span class='ocrx_word' id='word_1_84' title='bbox 145 1116 301 1177; x_wconf 84' lang='lat' dir='ltr'><strong>exercitatio,</strong></span> <span class='ocrx_word' id='word_1_85' title='bbox 326 1116 399 1169; x_wconf 90' lang='lat' dir='ltr'><strong>nulla</strong></span> <span class='ocrx_word' id='word_1_86' title='bbox 417 1134 551 1170; x_wconf 90' lang='lat' dir='ltr'><strong>armorum</strong></span> <span class='ocrx_word' id='word_1_87' title='bbox 571 1133 634 1170; x_wconf 89' lang='lat' dir='ltr'><strong>cura</strong></span> <span class='ocrx_word' id='word_1_88' title='bbox 651 1114 711 1170; x_wconf 90' lang='lat' dir='ltr'><strong>fuit.</strong></span> <span class='ocrx_word' id='word_1_89' title='bbox 745 1114 861 1170; x_wconf 78' lang='lat' dir='ltr'><strong>Oderunt</strong></span> <span class='ocrx_word' id='word_1_90' title='bbox 876 1118 946 1171; x_wconf 92' lang='lat' dir='ltr'><strong>enim</strong></span> <span class='ocrx_word' id='word_1_91' title='bbox 979 1161 980 1164; x_wconf 16' lang='grc' dir='ltr'>η</span> 
     </span>
     <span class='ocr_line' id='line_1_14' title="bbox 145 1188 980 1261; baseline 0.002 -19"><span class='ocrx_word' id='word_1_92' title='bbox 145 1207 213 1259; x_wconf 91' lang='lat' dir='ltr'><strong>quae</strong></span> <span class='ocrx_word' id='word_1_93' title='bbox 228 1188 364 1243; x_wconf 82' lang='lat' dir='ltr'><strong>infeliciter</strong></span> <span class='ocrx_word' id='word_1_94' title='bbox 375 1198 536 1257; x_wconf 20' lang='lat' dir='ltr'><strong>sumserunt-5</strong></span> <span class='ocrx_word' id='word_1_95' title='bbox 563 1197 761 1261; x_wconf 82' lang='lat' dir='ltr'><strong>mutassentque</strong></span> <span class='ocrx_word' id='word_1_96' title='bbox 771 1199 853 1244; x_wconf 78' lang='lat' dir='ltr'><strong>vitam</strong></span> <span class='ocrx_word' id='word_1_97' title='bbox 868 1190 947 1246; x_wconf 81' lang='lat' dir='ltr'><strong>luxu·</strong></span> <span class='ocrx_word' id='word_1_98' title='bbox 979 1241 980 1244; x_wconf 76' lang='grc'>,</span> 
     </span>
     <span class='ocr_line' id='line_1_15' title="bbox 144 1262 980 1354; baseline 0.005 -37"><span class='ocrx_word' id='word_1_99' title='bbox 144 1263 192 1326; x_wconf 87' lang='lat' dir='ltr'><strong>ria,</strong></span> <span class='ocrx_word' id='word_1_100' title='bbox 205 1262 232 1316; x_wconf 89' lang='lat' dir='ltr'><strong>ni</strong></span> <span class='ocrx_word' id='word_1_101' title='bbox 242 1264 403 1336; x_wconf 88' lang='lat' dir='ltr'><strong>Pythagoras</strong></span> <span class='ocrx_word' id='word_1_102' title='bbox 414 1265 588 1335; x_wconf 88' lang='lat' dir='ltr'><strong>philosophus</strong></span> <span class='ocrx_word' id='word_1_103' title='bbox 598 1263 696 1318; x_wconf 88' lang='lat' dir='ltr'><strong>fuisset.</strong></span> <span class='ocrx_word' id='word_1_104' title='bbox 715 1265 947 1320; x_wconf 86' lang='lat' dir='ltr'><strong>HicSamiDema-</strong></span> <span class='ocrx_word' id='word_1_105' title='bbox 979 1297 980 1354; x_wconf 64' lang='lat' dir='ltr'><strong>i</strong></span> 
     </span>
     <span class='ocr_line' id='line_1_16' title="bbox 144 1336 980 1410; baseline 0.004 -19"><span class='ocrx_word' id='word_1_106' title='bbox 144 1344 208 1400; x_wconf 82' lang='lat' dir='ltr'><strong>rato,</strong></span> <span class='ocrx_word' id='word_1_107' title='bbox 222 1336 349 1408; x_wconf 91' lang='lat' dir='ltr'><strong>locuplete</strong></span> <span class='ocrx_word' id='word_1_108' title='bbox 363 1339 520 1410; x_wconf 88' lang='lat' dir='ltr'><strong>negotiatore</strong></span> <span class='ocrx_word' id='word_1_109' title='bbox 534 1347 621 1403; x_wconf 89' lang='lat' dir='ltr'><strong>natus,</strong></span> <span class='ocrx_word' id='word_1_110' title='bbox 638 1339 797 1410; x_wconf 83' lang='lat' dir='ltr'><strong>magnisque</strong></span> <span class='ocrx_word' id='word_1_111' title='bbox 806 1340 947 1410; x_wconf 84' lang='lat' dir='ltr'><strong>sapientiae</strong></span> <span class='ocrx_word' id='word_1_112' title='bbox 979 1357 980 1360; x_wconf 72' lang='grc'>’</span> 
     </span>
     <span class='ocr_line' id='line_1_17' title="bbox 144 1411 947 1488; baseline 0.005 -24"><span class='ocrx_word' id='word_1_113' title='bbox 144 1411 311 1465; x_wconf 86' lang='lat' dir='ltr'><strong>incrementis</strong></span> <span class='ocrx_word' id='word_1_114' title='bbox 321 1412 457 1477; x_wconf 88' lang='lat' dir='ltr'><strong>formatus,</strong></span> <span class='ocrx_word' id='word_1_115' title='bbox 465 1413 616 1484; x_wconf 78' lang='lat' dir='ltr'><strong>Aegyptum</strong></span> <span class='ocrx_word' id='word_1_116' title='bbox 626 1412 720 1483; x_wconf 88' lang='lat' dir='ltr'><strong>primo,</strong></span> <span class='ocrx_word' id='word_1_117' title='bbox 733 1431 796 1467; x_wconf 80' lang='lat' dir='ltr'><strong>mox</strong></span> <span class='ocrx_word' id='word_1_118' title='bbox 806 1414 947 1488; x_wconf 82' lang='lat' dir='ltr'><strong>Rabyloni-</strong></span> 
     </span>
     <span class='ocr_line' id='line_1_18' title="bbox 144 1487 946 1560; baseline 0.005 -20"><span class='ocrx_word' id='word_1_119' title='bbox 144 1503 187 1540; x_wconf 88' lang='lat' dir='ltr'><strong>am</strong></span> <span class='ocrx_word' id='word_1_120' title='bbox 198 1488 231 1541; x_wconf 90' lang='lat' dir='ltr'><strong>ad</strong></span> <span class='ocrx_word' id='word_1_121' title='bbox 243 1487 426 1557; x_wconf 87' lang='lat' dir='ltr'><strong>perdiscendos</strong></span> <span class='ocrx_word' id='word_1_122' title='bbox 436 1488 552 1541; x_wconf 90' lang='lat' dir='ltr'><strong>siderum</strong></span> <span class='ocrx_word' id='word_1_123' title='bbox 563 1495 650 1541; x_wconf 91' lang='lat' dir='ltr'><strong>motus</strong></span> <span class='ocrx_word' id='word_1_124' title='bbox 659 1487 842 1560; x_wconf 78' lang='lat' dir='ltr'><strong>originemque</strong></span> <span class='ocrx_word' id='word_1_125' title='bbox 852 1489 946 1544; x_wconf 90' lang='lat' dir='ltr'><strong>mundi</strong></span> 
     </span>
     <span class='ocr_line' id='line_1_19' title="bbox 144 1561 947 1633; baseline 0.005 -19"><span class='ocrx_word' id='word_1_126' title='bbox 144 1561 313 1632; x_wconf 84' lang='lat' dir='ltr'><strong>spectandam</strong></span> <span class='ocrx_word' id='word_1_127' title='bbox 329 1561 473 1633; x_wconf 88' lang='lat' dir='ltr'><strong>profectus,</strong></span> <span class='ocrx_word' id='word_1_128' title='bbox 490 1579 624 1616; x_wconf 91' lang='lat' dir='ltr'><strong>summam</strong></span> <span class='ocrx_word' id='word_1_129' title='bbox 638 1562 774 1617; x_wconf 89' lang='lat' dir='ltr'><strong>scientiam</strong></span> <span class='ocrx_word' id='word_1_130' title='bbox 791 1573 947 1618; x_wconf 86' lang='lat' dir='ltr'><strong>consecutus</strong></span> 
     </span>
     <span class='ocr_line' id='line_1_20' title="bbox 144 1636 947 1712; baseline 0.005 -24"><span class='ocrx_word' id='word_1_131' title='bbox 144 1644 205 1690; x_wconf 89' lang='lat' dir='ltr'><strong>erat.</strong></span> <span class='ocrx_word' id='word_1_132' title='bbox 235 1636 299 1690; x_wconf 91' lang='lat' dir='ltr'><strong>Inde</strong></span> <span class='ocrx_word' id='word_1_133' title='bbox 308 1653 444 1708; x_wconf 81' lang='lat' dir='ltr'><strong>regressus</strong></span> <span class='ocrx_word' id='word_1_134' title='bbox 454 1636 555 1691; x_wconf 87' lang='lat' dir='ltr'><strong>Cretam</strong></span> <span class='ocrx_word' id='word_1_135' title='bbox 569 1645 593 1690; x_wconf 93' lang='lat' dir='ltr'><strong>et</strong></span> <span class='ocrx_word' id='word_1_136' title='bbox 603 1636 795 1690; x_wconf 89' lang='lat' dir='ltr'><strong>Lacedaemona</strong></span> <span class='ocrx_word' id='word_1_137' title='bbox 807 1638 840 1692; x_wconf 90' lang='lat' dir='ltr'><strong>ad</strong></span> <span class='ocrx_word' id='word_1_138' title='bbox 851 1655 947 1712; x_wconf 83' lang='lat' dir='ltr'><strong>cogno-</strong></span> 
     </span>
     <span class='ocr_line' id='line_1_21' title="bbox 144 1709 947 1786; baseline 0.006 -24"><span class='ocrx_word' id='word_1_139' title='bbox 144 1709 253 1764; x_wconf 86' lang='lat' dir='ltr'><strong>scendas</strong></span> <span class='ocrx_word' id='word_1_140' title='bbox 268 1711 363 1765; x_wconf 90' lang='lat' dir='ltr'><strong>Minois</strong></span> <span class='ocrx_word' id='word_1_141' title='bbox 376 1728 401 1765; x_wconf 84' lang='lat' dir='ltr'><strong>et</strong></span> <span class='ocrx_word' id='word_1_142' title='bbox 415 1711 532 1784; x_wconf 81' lang='lat' dir='ltr'><strong>Lycurgi</strong></span> <span class='ocrx_word' id='word_1_143' title='bbox 546 1711 657 1784; x_wconf 89' lang='lat' dir='ltr'><strong>inclytas</strong></span> <span class='ocrx_word' id='word_1_144' title='bbox 671 1729 701 1765; x_wconf 90' lang='lat' dir='ltr'><strong>ea</strong></span> <span class='ocrx_word' id='word_1_145' title='bbox 716 1719 868 1782; x_wconf 79' lang='lat' dir='ltr'><strong>tempestate</strong></span> <span class='ocrx_word' id='word_1_146' title='bbox 877 1713 947 1786; x_wconf 78' lang='lat' dir='ltr'><strong>leges</strong></span> 
     </span>
     <span class='ocr_line' id='line_1_22' title="bbox 143 1783 948 1850; baseline 0.007 -14"><span class='ocrx_word' id='word_1_147' title='bbox 143 1783 318 1838; x_wconf 87' lang='lat' dir='ltr'><strong>contenderat.</strong></span> <span class='ocrx_word' id='word_1_148' title='bbox 349 1784 453 1850; x_wconf 88' lang='lat' dir='ltr'><strong>Quibus</strong></span> <span class='ocrx_word' id='word_1_149' title='bbox 463 1786 588 1840; x_wconf 90' lang='lat' dir='ltr'><strong>omnibus</strong></span> <span class='ocrx_word' id='word_1_150' title='bbox 599 1787 741 1840; x_wconf 87' lang='lat' dir='ltr'><strong>instructus</strong></span> <span class='ocrx_word' id='word_1_151' title='bbox 751 1785 891 1842; x_wconf 83' lang='lat' dir='ltr'><strong>Crotonem</strong></span> <span class='ocrx_word' id='word_1_152' title='bbox 903 1805 948 1842; x_wconf 85' lang='lat' dir='ltr'><strong>ve-</strong></span> 
     </span>
     <span class='ocr_line' id='line_1_23' title="bbox 143 1855 949 1932; baseline 0.007 -22"><span class='ocrx_word' id='word_1_153' title='bbox 143 1857 191 1920; x_wconf 89' lang='lat' dir='ltr'><strong>nit,</strong></span> <span class='ocrx_word' id='word_1_154' title='bbox 203 1856 386 1928; x_wconf 89' lang='lat' dir='ltr'><strong>populumque</strong></span> <span class='ocrx_word' id='word_1_155' title='bbox 396 1861 422 1912; x_wconf 94' lang='lat' dir='ltr'><strong>in</strong></span> <span class='ocrx_word' id='word_1_156' title='bbox 435 1855 569 1914; x_wconf 86' lang='lat' dir='ltr'><strong>luxuriam</strong></span> <span class='ocrx_word' id='word_1_157' title='bbox 581 1860 684 1932; x_wconf 86' lang='lat' dir='ltr'><strong>lapsum</strong></span> <span class='ocrx_word' id='word_1_158' title='bbox 695 1861 845 1916; x_wconf 84' lang='lat' dir='ltr'><strong>auctoritate</strong></span> <span class='ocrx_word' id='word_1_159' title='bbox 855 1880 903 1916; x_wconf 87' lang='lat' dir='ltr'><strong>sua</strong></span> <span class='ocrx_word' id='word_1_160' title='bbox 916 1862 949 1915; x_wconf 89' lang='lat' dir='ltr'><strong>ad</strong></span> 
     </span>
     <span class='ocr_line' id='line_1_24' title="bbox 143 1929 950 2007; baseline 0.007 -23"><span class='ocrx_word' id='word_1_161' title='bbox 143 1947 223 1984; x_wconf 92' lang='lat' dir='ltr'><strong>usum</strong></span> <span class='ocrx_word' id='word_1_162' title='bbox 238 1929 393 2004; x_wconf 84' lang='lat' dir='ltr'><strong>frugalitatis</strong></span> <span class='ocrx_word' id='word_1_163' title='bbox 408 1935 550 1989; x_wconf 85' lang='lat' dir='ltr'><strong>revocavit.</strong></span> <span class='ocrx_word' id='word_1_164' title='bbox 583 1936 718 1990; x_wconf 89' lang='lat' dir='ltr'><strong>Laudabat</strong></span> <span class='ocrx_word' id='word_1_165' title='bbox 730 1937 849 2007; x_wconf 88' lang='lat' dir='ltr'><strong>quotidie</strong></span> <span class='ocrx_word' id='word_1_166' title='bbox 865 1937 950 1990; x_wconf 84' lang='lat' dir='ltr'><strong>virtu-</strong></span> 
     </span>
     <span class='ocr_line' id='line_1_25' title="bbox 143 2005 949 2082; baseline 0.009 -24"><span class='ocrx_word' id='word_1_167' title='bbox 143 2012 237 2070; x_wconf 83' lang='lat' dir='ltr'><strong>tenr‚et</strong></span> <span class='ocrx_word' id='word_1_168' title='bbox 247 2006 309 2060; x_wconf 90' lang='lat' dir='ltr'><strong>vitia</strong></span> <span class='ocrx_word' id='word_1_169' title='bbox 322 2005 443 2061; x_wconf 88' lang='lat' dir='ltr'><strong>luxuriae</strong></span> <span class='ocrx_word' id='word_1_170' title='bbox 452 2025 583 2080; x_wconf 90' lang='lat' dir='ltr'><strong>casusque</strong></span> <span class='ocrx_word' id='word_1_171' title='bbox 592 2011 727 2064; x_wconf 89' lang='lat' dir='ltr'><strong>civitatum</strong></span> <span class='ocrx_word' id='word_1_172' title='bbox 738 2027 767 2064; x_wconf 89' lang='lat' dir='ltr'><strong>ea</strong></span> <span class='ocrx_word' id='word_1_173' title='bbox 778 2019 851 2081; x_wconf 87' lang='lat' dir='ltr'><strong>peste</strong></span> <span class='ocrx_word' id='word_1_174' title='bbox 860 2011 949 2082; x_wconf 85' lang='lat' dir='ltr'><strong>perdi-</strong></span> 
     </span>
     <span class='ocr_line' id='line_1_26' title="bbox 143 2083 946 2158; baseline 0.005 -24"><span class='ocrx_word' id='word_1_175' title='bbox 143 2089 229 2134; x_wconf 87' lang='lat' dir='ltr'><strong>tarum</strong></span> <span class='ocrx_word' id='word_1_176' title='bbox 240 2083 417 2146; x_wconf 82' lang='lat' dir='ltr'><strong>enumerabat,</strong></span> <span class='ocrx_word' id='word_1_177' title='bbox 430 2091 587 2154; x_wconf 90' lang='lat' dir='ltr'><strong>tantumque</strong></span> <span class='ocrx_word' id='word_1_178' title='bbox 598 2086 716 2139; x_wconf 89' lang='lat' dir='ltr'><strong>studium</strong></span> <span class='ocrx_word' id='word_1_179' title='bbox 726 2084 759 2138; x_wconf 93' lang='lat' dir='ltr'><strong>ad</strong></span> <span class='ocrx_word' id='word_1_180' title='bbox 770 2084 946 2158; x_wconf 77' lang='lat' dir='ltr'><strong>frugalitatem</strong></span> 
     </span>
     <span class='ocr_line' id='line_1_27' title="bbox 143 2155 949 2230; baseline 0.007 -22"><span class='ocrx_word' id='word_1_181' title='bbox 143 2155 323 2211; x_wconf 90' lang='lat' dir='ltr'><strong>multitudinis</strong></span> <span class='ocrx_word' id='word_1_182' title='bbox 340 2159 498 2228; x_wconf 85' lang='lat' dir='ltr'><strong>provocavit,</strong></span> <span class='ocrx_word' id='word_1_183' title='bbox 518 2167 548 2212; x_wconf 94' lang='lat' dir='ltr'><strong>ut</strong></span> <span class='ocrx_word' id='word_1_184' title='bbox 567 2159 669 2230; x_wconf 87' lang='lat' dir='ltr'><strong>aliquos</strong></span> <span class='ocrx_word' id='word_1_185' title='bbox 688 2177 722 2227; x_wconf 66' lang='lat' dir='ltr'><strong>eu</strong></span> <span class='ocrx_word' id='word_1_186' title='bbox 741 2159 784 2213; x_wconf 87' lang='lat' dir='ltr'><strong>his</strong></span> <span class='ocrx_word' id='word_1_187' title='bbox 800 2160 949 2215; x_wconf 85' lang='lat' dir='ltr'><strong>luxuriatos</strong></span> 
     </span>
     <span class='ocr_line' id='line_1_28' title="bbox 143 2230 947 2306; baseline 0.007 -24"><span class='ocrx_word' id='word_1_188' title='bbox 143 2230 297 2285; x_wconf 88' lang='lat' dir='ltr'><strong>incredibile</strong></span> <span class='ocrx_word' id='word_1_189' title='bbox 312 2232 453 2286; x_wconf 88' lang='lat' dir='ltr'><strong>videretur.</strong></span> <span class='ocrx_word' id='word_1_190' title='bbox 487 2234 665 2288; x_wconf 89' lang='lat' dir='ltr'><strong>Matronarum</strong></span> <span class='ocrx_word' id='word_1_191' title='bbox 679 2251 787 2305; x_wconf 89' lang='lat' dir='ltr'><strong>quoque</strong></span> <span class='ocrx_word' id='word_1_192' title='bbox 799 2245 947 2306; x_wconf 81' lang='lat' dir='ltr'><strong>separatam</strong></span> 
     </span>
     <span class='ocr_line' id='line_1_29' title="bbox 142 2305 951 2382; baseline 0.011 -29"><span class='ocrx_word' id='word_1_193' title='bbox 142 2305 237 2356; x_wconf 89' lang='lat' dir='ltr'><strong>aviris</strong></span> <span class='ocrx_word' id='word_1_194' title='bbox 248 2305 392 2360; x_wconf 88' lang='lat' dir='ltr'><strong>doctrinam</strong></span> <span class='ocrx_word' id='word_1_195' title='bbox 407 2315 433 2361; x_wconf 91' lang='lat' dir='ltr'><strong>et</strong></span> <span class='ocrx_word' id='word_1_196' title='bbox 446 2325 588 2378; x_wconf 89' lang='lat' dir='ltr'><strong>puerorum</strong></span> <span class='ocrx_word' id='word_1_197' title='bbox 605 2309 782 2379; x_wconf 87' lang='lat' dir='ltr'><strong>aparentibus</strong></span> <span class='ocrx_word' id='word_1_198' title='bbox 797 2309 951 2382; x_wconf 84' lang='lat' dir='ltr'><strong>frequenter</strong></span> 
     </span>
     <span class='ocr_line' id='line_1_30' title="bbox 142 2374 950 2456; baseline 0.017 -32"><span class='ocrx_word' id='word_1_199' title='bbox 142 2374 245 2428; x_wconf 88' lang='lat' dir='ltr'><strong>habuit.</strong></span> <span class='ocrx_word' id='word_1_200' title='bbox 275 2379 386 2433; x_wconf 87' lang='lat' dir='ltr'><strong>Docebat</strong></span> <span class='ocrx_word' id='word_1_201' title='bbox 410 2399 482 2435; x_wconf 90' lang='lat' dir='ltr'><strong>nunc</strong></span> <span class='ocrx_word' id='word_1_202' title='bbox 499 2383 547 2436; x_wconf 87' lang='lat' dir='ltr'><strong>has</strong></span> <span class='ocrx_word' id='word_1_203' title='bbox 566 2383 720 2453; x_wconf 89' lang='lat' dir='ltr'><strong>pudicitiam</strong></span> <span class='ocrx_word' id='word_1_204' title='bbox 738 2392 762 2438; x_wconf 92' lang='lat' dir='ltr'><strong>et</strong></span> <span class='ocrx_word' id='word_1_205' title='bbox 774 2385 908 2456; x_wconf 85' lang='lat' dir='ltr'><strong>obsequia</strong></span> <span class='ocrx_word' id='word_1_206' title='bbox 925 2387 950 2438; x_wconf 91' lang='lat' dir='ltr'><strong>in</strong></span> 
     </span>
    </p>
   </div>
   <div class='ocr_carea' id='block_1_3' title="bbox 142 2445 951 2514">
    <p class='ocr_par' dir='ltr' id='par_1_3' title="bbox 142 2445 951 2514">
     <span class='ocr_line' id='line_1_31' title="bbox 142 2445 951 2514; baseline 0.019 -18"><span class='ocrx_word' id='word_1_207' title='bbox 142 2445 226 2512; x_wconf 82' lang='lat' dir='ltr'><strong>viros3</strong></span> <span class='ocrx_word' id='word_1_208' title='bbox 258 2467 330 2503; x_wconf 91' lang='lat' dir='ltr'><strong>nuno</strong></span> <span class='ocrx_word' id='word_1_209' title='bbox 353 2453 411 2506; x_wconf 91' lang='lat' dir='ltr'><strong>illos</strong></span> <span class='ocrx_word' id='word_1_210' title='bbox 432 2455 585 2510; x_wconf 86' lang='lat' dir='ltr'><strong>modestiam</strong></span> <span class='ocrx_word' id='word_1_211' title='bbox 605 2465 629 2511; x_wconf 91' lang='lat' dir='ltr'><strong>et</strong></span> <span class='ocrx_word' id='word_1_212' title='bbox 650 2459 794 2513; x_wconf 89' lang='lat' dir='ltr'><strong>litterarum</strong></span> <span class='ocrx_word' id='word_1_213' title='bbox 813 2460 951 2514; x_wconf 91' lang='lat' dir='ltr'><strong>studium.</strong></span> 
     </span>
    </p>
   </div>
   <div class='ocr_carea' id='block_1_4' title="bbox 139 2517 958 2756">
    <p class='ocr_par' dir='ltr' id='par_1_4' title="bbox 139 2517 958 2756">
     <span class='ocr_line' id='line_1_32' title="bbox 141 2517 955 2604; baseline 0.026 -36"><span class='ocrx_word' id='word_1_214' title='bbox 141 2517 211 2602; x_wconf 77' lang='lat' dir='ltr'><strong>Inter</strong></span> <span class='ocrx_word' id='word_1_215' title='bbox 221 2521 362 2575; x_wconf 90' lang='lat' dir='ltr'><strong>baecvefut</strong></span> <span class='ocrx_word' id='word_1_216' title='bbox 371 2528 529 2596; x_wconf 81' lang='lat' dir='ltr'><strong>genetricem</strong></span> <span class='ocrx_word' id='word_1_217' title='bbox 535 2531 662 2585; x_wconf 90' lang='lat' dir='ltr'><strong>virtutum</strong></span> <span class='ocrx_word' id='word_1_218' title='bbox 675 2531 853 2604; x_wconf 85' lang='lat' dir='ltr'><strong>frugalitatem</strong></span> <span class='ocrx_word' id='word_1_219' title='bbox 862 2536 955 2589; x_wconf 88' lang='lat' dir='ltr'><strong>omui-</strong></span> 
     </span>
     <span class='ocr_line' id='line_1_33' title="bbox 139 2587 955 2675; baseline 0.031 -37"><span class='ocrx_word' id='word_1_220' title='bbox 139 2587 192 2640; x_wconf 93' lang='lat' dir='ltr'><strong>bus</strong></span> <span class='ocrx_word' id='word_1_221' title='bbox 203 2594 350 2662; x_wconf 84' lang='lat' dir='ltr'><strong>1ngerebat;</strong></span> <span class='ocrx_word' id='word_1_222' title='bbox 363 2609 572 2672; x_wconf 81' lang='lat' dir='ltr'><strong>consecutusque</strong></span> <span class='ocrx_word' id='word_1_223' title='bbox 581 2606 789 2675; x_wconf 87' lang='lat' dir='ltr'><strong>disputationum</strong></span> <span class='ocrx_word' id='word_1_224' title='bbox 800 2607 955 2663; x_wconf 85' lang='lat' dir='ltr'><strong>adsiduita—</strong></span> 
     </span>
     <span class='ocr_line' id='line_1_34' title="bbox 140 2663 958 2756; baseline 0.033 -48"><span class='ocrx_word' id='word_1_225' title='bbox 140 2663 165 2708; x_wconf 73' lang='grc' dir='ltr'><strong>*ο</strong></span> <span class='ocrx_word' id='word_1_226' title='bbox 178 2671 241 2728; x_wconf 87' lang='lat' dir='ltr'><strong>erat,</strong></span> <span class='ocrx_word' id='word_1_227' title='bbox 257 2671 288 2717; x_wconf 90' lang='lat' dir='ltr'><strong>ut</strong></span> <span class='ocrx_word' id='word_1_228' title='bbox 301 2674 434 2724; x_wconf 87' lang='lat' dir='ltr'><strong>matronae</strong></span> <span class='ocrx_word' id='word_1_229' title='bbox 446 2683 548 2729; x_wconf 86' lang='lat' dir='ltr'><strong>auratas</strong></span> <span class='ocrx_word' id='word_1_230' title='bbox 561 2687 644 2733; x_wconf 85' lang='lat' dir='ltr'><strong>vestes</strong></span> <span class='ocrx_word' id='word_1_231' title='bbox 658 2688 794 2752; x_wconf 84' lang='lat' dir='ltr'><strong>ceteraque</strong></span> <span class='ocrx_word' id='word_1_232' title='bbox 808 2681 958 2756; x_wconf 86' lang='lat' dir='ltr'><strong>diguitatis</strong></span> 
     </span>
    </p>
   </div>
   <div class='ocr_carea' id='block_1_5' title="bbox 0 0 996 3010">
    <p class='ocr_par' dir='ltr' id='par_1_5' title="bbox 0 0 996 3010">
     <span class='ocr_line' id='line_1_35' title="bbox 0 0 996 3010; baseline 0 1"><span class='ocrx_word' id='word_1_233' title='bbox 0 0 996 3010; x_wconf 95' lang='lat' dir='ltr'><strong> </strong></span> 
     </span>
    </p>
   </div>
  </div>
 </body>
</html>
