1998 3006
319 153 390 220 ΠΒ.
410 177 478 222 xiv.
499 176 579 222 cer.
601 177 627 223 1.
825 171 873 224 tas

69 288 128 326 tum
143 273 272 344 cognovit,
289 273 358 328 ultro
366 292 395 328 ea
406 264 535 328 militibus
546 275 602 328 suis
614 275 748 334 indicavit,
761 291 794 328 ne
805 272 873 328 lama

69 355 118 403 aut
132 364 186 400 rem
198 347 225 402 iu
240 349 327 402 maius
341 349 474 403 extolleret
488 356 533 403 aut
542 350 658 404 militum
672 349 773 404 animos
784 368 873 403 rerum
936 393 939 398 .

70 423 184 476 novitate
199 429 316 491 terreret;
338 423 428 488 simul
445 433 475 478 ut
491 425 557 478 eirca
568 442 596 478 se
606 425 714 478 animati
724 432 818 486 essent,
831 441 875 478 eo-

68 504 213 569 gnoseeret‚
230 506 369 552 sumturus
386 499 526 552 consilium
540 516 573 552 ex
592 508 664 552 motu
675 499 871 552 universorum.

70 572 224 626 Constantes
238 579 326 626 tamen
341 570 470 644 praelatus
485 581 537 626 est:
555 578 580 627 st
598 591 640 627 eut
636 577 712 628 'ltuee
724 579 820 627 terrori
833 591 874 626 es-

68 654 135 709 sent,
150 649 244 700 hebere
257 665 314 700 eum
326 652 473 701 discedendi
481 641 640 726 potestatem.
671 647 728 712 Qua
738 664 800 700 voce
810 647 874 700 adeo

68 727 177 774 cunctos
197 720 224 774 in
244 721 362 775 studium
373 723 488 792 partium
507 738 616 774 suarum
632 721 745 784 induxit
763 729 821 774 ut
806 721 874 774 ultro

69 794 149 849 illum
162 812 254 848 omnes
273 795 438 850 hortarentur
454 799 875 864 reaeiaaurosqueaeserrodeere-

69 879 100 924 to
113 869 285 924 Macedonum
299 871 478 924 adfirmarent.
507 871 528 922 T
531 887 583 924 une
592 870 706 924 exercitu
719 869 744 922 in
757 869 873 923 Aeoliam

69 952 188 1015 promoto
203 945 329 1014 pecunias
342 945 493 1000 civitatibus
508 945 631 1016 imperat3
654 952 802 999 recusantes
813 943 874 998 dare

70 1019 199 1074 hostiliter
215 1019 312 1089 diripit.
346 1019 410 1073 lnde
423 1019 512 1074 Sardis
527 1019 656 1091 proiectus
670 1028 709 1073 est
723 1019 756 1072 ad
765 1019 875 1089 Cleopa·

70 1101 147 1157 tram,
163 1110 279 1147 sororem
294 1093 437 1148 Alexandri
454 1095 553 1166 Magni,
568 1095 662 1148 ateius
673 1094 874 1148 vocecenturio-

71 1185 117 1221 nes
151 1167 337 1240 principesque
361 1169 590 1224 eonfirmarentur:
616 1170 813 1224 existimaturos
837 1169 873 1222 ibi

71 1242 233 1296 maiestatem
249 1244 348 1315 regiam
364 1244 439 1308 verti,
455 1245 526 1298 unde
540 1261 613 1298 soror
627 1245 769 1298 Alexandri
784 1251 872 1297 staret.

70 1318 152 1371 Tanta
167 1319 299 1372 veneratio
314 1318 505 1391 magnitudinis
519 1317 661 1372 Alexandri
678 1327 740 1382 erat,
758 1326 787 1372 ut
795 1319 873 1372 etiam

71 1409 116 1463 per
132 1393 240 1464 vestigia
256 1394 399 1447 mulierum
410 1393 486 1448 lavor
499 1393 590 1447 sacrati
601 1394 658 1447 eius
669 1394 783 1447 nominis
793 1409 876 1464 quae-

71 1475 180 1521 reretur
211 1466 301 1532 Quum
315 1486 436 1522 reversus
453 1469 481 1522 in
495 1475 578 1522 castra
594 1477 669 1528 esset
682 1467 804 1538 epistolae
815 1468 873 1520 totis

70 1542 161 1595 eastris
181 1542 295 1596 abiectae
314 1543 495 1607 inveniuntur,
510 1543 643 1614 quibus''
626 1560 667 1604 ns,
684 1542 731 1611 qui
746 1541 874 1612 Eumenis

70 1625 147 1687 eaput
161 1615 196 1670 ad
211 1617 374 1688 Antigonum
389 1617 552 1680 detulissent,
571 1633 666 1687 magna
685 1615 799 1686 praemia
809 1613 873 1668 deli-

71 1692 220 1746 niebantur.
251 1693 297 1747 His
307 1693 418 1766 cognitis
428 1694 561 1746 Eumenes
573 1693 668 1744 voeatis
679 1689 711 1742 ad
722 1689 872 1742 eoneionem

71 1767 203 1821 militibus
217 1767 303 1836 primo
316 1768 413 1840 gratias
427 1767 489 1840 agit,
507 1769 575 1836 quod
589 1783 662 1820 nemo
672 1771 791 1819 inventus
801 1773 873 1828 esset,

70 1847 114 1910 qai
131 1859 204 1910 apem
223 1848 324 1896 cruenti
336 1847 449 1910 praemii
461 1845 521 1911 fidet
530 1847 687 1895 sacramenti
696 1849 875 1908 anteponeret;

69 1915 164 1970 deinde
177 1915 272 1970 callide
289 1917 419 1970 subnectit
436 1921 558 1986 confictas
570 1919 617 1970 tae
630 1933 648 1969 u
663 1933 690 1968 ae
705 1919 827 1983 epistolas
839 1919 875 1968 ud

70 1995 469 2059 experiundossuorumontmoa
479 2009 541 2045 ease.
565 1989 875 2044 Ceteromratutemeuam

70 2069 96 2119 io
105 2071 223 2120 omnium
232 2075 359 2134 potestate
369 2085 436 2133 eaae;
446 2083 492 2119 nee
501 2067 658 2132 Antipooum
666 2083 712 2117 nee
722 2080 876 2132 quemquam

69 2144 165 2194 dueum
184 2145 224 2194 sie
243 2144 308 2194 velle
320 2146 432 2202 vincere,
447 2149 477 2194 ut
490 2146 544 2208 ipae
559 2145 586 2194 io
602 2157 629 2192 se
639 2141 783 2204 eoemplum
792 2141 876 2204 pesat-

70 2231 138 2269 mum
152 2223 262 2269 statuat.
293 2216 347 2268 lloe
360 2215 426 2270 laeto
439 2221 464 2267 et
477 2214 503 2268 in
521 2213 648 2285 praesenti
661 2211 805 2284 labantium
818 2210 877 2265 ani-

71 2305 126 2344 mos
140 2289 276 2354 deterruit,
292 2297 317 2343 et
327 2290 354 2344 in
368 2289 487 2344 futurum
499 2288 622 2359 providit,
638 2293 675 2350 ut,
691 2287 713 2340 si
724 2286 790 2358 quid
801 2286 877 2340 simi-

15 2413 16 2418 ,
71 2360 92 2414 le
101 2364 249 2428 accidisset,
262 2382 314 2419 nen
327 2381 355 2418 se
365 2365 399 2419 ab
410 2365 483 2418 hoste
493 2361 635 2432 eorrumpi,
649 2361 695 2416 sed
705 2362 739 2416 ab
748 2361 876 2415 dueeten—

70 2439 116 2491 tari
132 2439 333 2493 arbitrarentur.
354 2439 452 2494 Omnes
465 2437 547 2510 igitur
556 2455 662 2508 operam
671 2454 748 2492 suam
758 2435 876 2490 oertatirn

68 2512 102 2564 ad
111 2513 260 2568 custodiam
269 2513 398 2567 salutis
375 2532 432 2568 erus
442 2513 561 2566 offerunt.

125 2588 196 2642 Car.
217 2589 251 2642 ΙΙ
273 2585 362 2654 Quum
386 2587 491 2643 interim
512 2586 660 2656 Antigonus
678 2601 740 2637 eum
761 2576 876 2632 exercitu

67 2662 224 2732 supervenit
231 2664 378 2736 castrisque
386 2663 479 2736 positis
488 2667 591 2732 postera
603 2658 664 2712 die
657 2676 685 2710 rn
695 2655 776 2709 aciem
786 2661 879 2718 proee-
