1998 3006
145 162 178 212 96
382 162 532 210 IUSTINI
549 161 704 206 HISTOR.

143 268 261 319 meliores
271 269 353 333 saetas
360 271 485 330 putarent
493 267 565 331 sapa,
577 279 655 330 aarum
667 265 696 314 ia
704 265 786 314 aciem
799 277 887 315 cecam
897 270 950 316 tam
987 275 988 324 ξ

144 345 243 393 tristem
256 343 406 392 memoriam
421 341 539 390 caedium
547 353 656 390 auarum
668 345 692 388 et
703 344 803 388 tamtum
812 341 950 404 sanguia-ta
987 341 988 378 l

143 415 242 466 duobus
256 415 366 480 proeliis
383 415 437 481 susi
454 417 567 480 ferrent·
591 419 616 463 et
633 413 846 478 quemadmodum
865 412 950 464 Dario
987 423 988 436 ¹

143 491 268 540 maiorem
281 489 385 540 turbam
398 489 528 540 bominum
543 501 604 548 esse,
621 489 787 538 sicomorum
796 487 855 537 sibi.
884 485 951 539 llor-
987 507 988 556 i

142 568 220 623 tatur,
239 569 363 630 sperrtaat
377 553 451 615 illam
464 564 547 614 aciem
561 576 628 612 auro
642 567 666 611 et
680 567 787 626 arpeato
800 562 949 628 fulgentem,

142 641 172 689 ta
182 638 302 704 qaaplas
309 639 424 703 praedae
435 652 512 702 quam
518 635 683 701 perioaliaim
697 637 950 701 quumoictorianoa
987 677 988 680 η

141 727 278 764 armorum
290 714 389 774 decore,
400 713 445 762 aed
453 712 520 777 ferri
529 712 624 760 virtute
633 716 787 776 quaeratur.

197 784 270 840 Cur.
284 784 357 840 XIV.
378 785 438 838 Post
448 783 512 836 haec
520 780 651 852 proelium
661 781 843 836 committitur.
863 782 950 836 Mace-
987 823 988 870 1

139 859 225 914 dones
245 859 273 913 in
291 857 391 912 serrum
405 875 467 911 cum
480 863 613 910 contemtu
624 856 700 910 tobes
715 874 730 910 a
744 873 773 910 se
788 855 850 910 victi
864 857 949 911 hostis
987 875 988 912 l

140 934 268 988 ruebant:
289 939 377 986 eontra
388 933 480 986 Persae
493 931 560 984 mori
572 948 654 1001 quam
664 930 736 984 vinci
749 931 948 1002 praeoptabant.
987 931 988 996 J

142 1008 211 1062 Raro
230 1005 286 1060 ullo
303 1005 402 1077 proelio
420 1013 524 1060 tanturn
544 1005 683 1077 sanguinis
697 1004 788 1059 fusum
807 1013 856 1060 est.
897 1008 950 1060 Da·
987 1027 988 1032 ¹

141 1082 199 1135 rius
209 1098 295 1151 quum
306 1080 377 1135 vinci
387 1097 449 1134 suos
460 1080 567 1144 videret,
580 1080 647 1133 mori
658 1079 742 1135 voluit
750 1087 775 1134 et
785 1080 854 1151 ipse3
876 1083 925 1135 sed
935 1100 949 1136 a
987 1089 988 1096 ’

141 1154 271 1226 proximis
290 1153 380 1227 lugere
400 1153 555 1224 compulsus
574 1161 622 1208 est.
656 1154 834 1209 Suadentibus
853 1155 949 1210 deinde

137 1229 313 1301 quibusdam,
328 1237 356 1283 ut
365 1247 432 1300 pons
443 1229 530 1302 Cydni
540 1227 659 1283 lluminis
669 1229 703 1283 ad
712 1229 760 1283 iter
769 1230 887 1284 hostium
898 1232 950 1285 im·
987 1287 988 1290 ,

140 1303 302 1375 pediendum
317 1303 547 1381 intercluderetur:
569 1321 621 1357 noa
634 1311 673 1358 tta
682 1322 709 1358 ae
718 1308 800 1358 saluti
812 1323 875 1360 auae
885 1311 950 1363 velte

141 1381 287 1433 consultam
300 1379 344 1442 ait,
361 1389 390 1433 at
405 1387 441 1432 tot
454 1381 677 1433 milliasoctoram
686 1382 753 1433 hosti
762 1383 882 1435 obiiciat:
904 1387 950 1435 de-

142 1457 201 1508 bere
210 1463 235 1508 et
249 1457 311 1508 alita
321 1460 398 1524 sapae
408 1458 478 1508 aiam
484 1461 584 1520 patere,
597 1472 663 1523 quac
669 1459 786 1522 patuerit
796 1459 857 1508 sibi.
887 1455 949 1510 Ale-
987 1499 988 1506 ,

141 1528 242 1584 xander
256 1536 343 1584 autem
358 1527 580 1600 periculosissima
594 1545 716 1600 quaeque
729 1527 946 1602 adgrediemur,

138 1612 179 1669 et,
203 1604 252 1659 ubi
275 1603 477 1659 confertissimos
497 1602 584 1657 hostes
604 1603 728 1657 acerrime
746 1621 868 1676 pugnare
885 1623 949 1661 oon-

140 1679 284 1750 spexisset‚
312 1697 342 1732 eo
362 1696 391 1733 se
409 1695 512 1748 semper
533 1677 680 1749 ingerebat,
704 1678 876 1751 periculaque
899 1699 946 1735 sua

138 1769 206 1815 osse,
220 1769 271 1806 non
283 1752 398 1806 rnilitum
409 1753 521 1808 volebat.
542 1753 595 1816 Hoc
604 1751 703 1824 proelio
712 1752 789 1806 Asiae
804 1747 948 1826 imperinm

141 1826 238 1894 rapuit,
251 1827 344 1896 quinto
356 1835 415 1896 post
425 1833 560 1897 acceptum
570 1844 683 1900 regnum
694 1845 776 1882 anno:
789 1829 868 1884 cuius
879 1837 948 1884 tanta

140 1899 249 1954 felicitas
263 1899 322 1964 fuit,
339 1907 369 1953 ut
381 1907 440 1970 post
454 1900 504 1954 hoc
518 1918 596 1954 nemo
609 1901 734 1955 rebellare
749 1921 831 1958 ausus
842 1906 886 1969 sit,
901 1923 949 1977 pa-
987 1921 988 1982 l

141 1975 286 2046 tienterque
305 1975 398 2028 Persae
417 1982 476 2045 post
494 1975 636 2045 imperium
655 1983 692 2030 tot
706 1994 837 2032 annorum
853 1980 947 2054 iugum
987 1983 988 2046 l

140 2049 275 2106 servitutis
286 2049 440 2120 acceperint.
469 2051 576 2104 Donatis
588 2049 742 2122 relectisque
756 2052 890 2108 militibus
903 2056 950 2108 tri-

139 2125 215 2198 ginta
224 2131 337 2197 quatuor
346 2124 441 2178 diebus
449 2123 574 2196 praedam
584 2125 743 2198 recognovit.
765 2127 795 2180 ln
802 2129 948 2184 urbedein-

140 2201 174 2254 da
184 2201 252 2255 Susa
264 2200 438 2274 quadraginta
449 2199 532 2253 millia
539 2199 781 2255 talentuminvenit.
803 2203 948 2279 Expugnat

141 2282 166 2326 et
180 2275 339 2346 Persepolin,
355 2281 433 2346 caput
446 2273 543 2328 Persici
558 2275 641 2347 regni,
657 2275 749 2328 urbem
765 2276 861 2332 multis
872 2281 946 2334 annis
987 2309 988 2356 p

141 2347 270 2401 illustrem
281 2347 454 2421 refertamque
466 2348 537 2403 orbis
547 2355 675 2404 terrarum
686 2349 786 2420 spoliis,
801 2370 874 2424 quae
884 2356 947 2409 inte·
987 2357 988 2390 f

141 2420 194 2472 ritu
208 2421 265 2474 eius
280 2422 398 2490 primum
413 2440 566 2494 apparuero.
597 2425 665 2478 Inter
675 2423 739 2478 haec
747 2426 894 2500 octingenti
905 2430 947 2484 ad·

140 2490 251 2573 modum
262 2493 353 2548 Graeci
363 2505 505 2550 occurrunt
513 2497 671 2562 Alexandro,
683 2499 732 2571 qui
742 2516 856 2569 poenam
868 2505 946 2576 capti·
987 2565 988 2568 Ἴ

140 2565 228 2647 vitatis
248 2573 365 2620 truncata
384 2571 499 2639 eorporis
518 2581 592 2641 parte
606 2572 730 2641 tulerant5
752 2585 893 2647 rogantes,
913 2587 944 2640 at,
987 2595 988 2602 ¹

137 2640 218 2688 secate·
234 2637 379 2704 Graeciam,
396 2659 424 2696 se
437 2661 537 2713 qaoque
551 2650 584 2700 ab
598 2649 709 2702 bostiam
722 2653 881 2708 crudelitate
893 2660 948 2710 vin·
987 2647 988 2656 ’
