2014 3000
95 147 129 202 22
332 152 481 197 IUSTINI
500 153 657 198 HISTOR.

96 252 219 324 deinceps
225 251 317 305 Thesei
329 251 401 305 filius
411 251 643 324 Demophoon‚qui
653 249 784 306 auxilium
792 249 899 305 Graecis

96 326 223 381 adversus
234 326 358 380 Troianos
372 325 441 390 tulit,
457 344 570 399 regnum
584 325 708 398 possedit.
739 325 823 379 Erant
832 325 900 380 inter

96 401 268 455 Athenienses
281 409 305 454 et
320 401 456 455 Dorienses
473 401 638 456 simultatum
657 408 755 456 veteres
774 399 896 465 offensae,

96 493 163 546 quas
174 473 332 529 vindicaturi
347 475 416 529 bello
427 475 572 541 Dorienses,
589 476 621 530 de
633 483 729 530 eventu
739 473 831 544 proelii
841 492 900 528 ora-

95 549 155 604 cula
168 549 367 604 consuluerunt.
397 551 572 621 Responsum,
587 556 733 618 superiores
743 555 806 620 (ere,
818 554 847 602 ui
856 568 903 604 re-

96 642 152 692 nem
166 624 357 680 Atheniensium
368 630 527 680 occidissent.
560 625 650 691 Quum
665 631 774 679 ventum
789 630 856 677 esset
871 625 898 678 in

96 698 207 764 bellurn,
215 699 345 754 militibus
358 707 417 754 ante
427 700 515 754 omnia
524 699 640 754 custodia
649 699 720 772 regis
728 698 897 770 praecipitur.

97 774 303 829 Atheniensibus
318 791 348 828 eo
361 782 476 846 tempore
490 793 536 828 rex
550 774 651 829 Codrus
665 781 731 841 erat3
757 772 804 845 qui
819 781 844 826 et
858 791 900 826 re-

97 867 193 920 sponso
208 849 249 904 dei
270 858 295 903 et
311 849 453 920 praeceptis
467 849 581 904 hostium
602 848 728 920 cognitis,
752 855 899 918 permutato

98 924 168 997 regis
182 923 289 988 habitu,
305 941 453 992 pannosus,
470 933 600 978 sarmenta
615 922 681 977 collo
695 939 797 994 gerens,
814 931 898 978 castra

97 998 214 1052 hostium
224 997 383 1070 ingreditur:
405 997 443 1051 ibi
454 999 481 1051 in
492 999 569 1052 turba
578 997 792 1062 obsistentiume
803 996 896 1062 milite,
925 1057 927 1060 .

98 1089 178 1144 quem
189 1071 254 1126 lalce
268 1079 325 1126 astu
340 1071 580 1136 convulnerevcrnt,
593 1072 757 1126 interficitur.
787 1071 899 1144 Cognito

98 1147 166 1218 rogis
179 1163 293 1216 corpore,
306 1146 442 1200 Dorienses
457 1147 514 1200 sine
527 1147 624 1217 proelio
634 1147 781 1200 discedunt.
811 1146 901 1218 Atque

99 1223 132 1274 ita
143 1221 313 1274 Athenienses
325 1221 421 1275 virtute
430 1221 514 1285 ducis,
526 1239 573 1292 pro
582 1221 666 1276 salute
674 1221 772 1292 patriae
783 1222 859 1275 morti
871 1238 901 1276 so

97 1295 480 1360 offerentis,belloliberentur.
872 1305 878 1314 ⁴

154 1370 223 1424 Car.
243 1371 299 1424 VII.
329 1371 389 1424 Post
408 1370 523 1426 Codrum
543 1387 620 1424 nemo
639 1370 749 1424 Athenis
764 1371 898 1442 regnavit:

98 1447 170 1516 quod
180 1445 320 1499 memoriae
329 1445 444 1499 nominis
455 1444 512 1498 eius
522 1444 650 1498 tributum
661 1453 709 1498 est.
723 1444 901 1499 Administra-

99 1521 134 1574 tio
152 1520 312 1590 reipublicae
330 1520 426 1574 annuis
453 1518 650 1592 magistratibus
675 1519 812 1590 permissa.
848 1518 901 1574 Sed

98 1595 197 1650 civitati
212 1595 300 1649 nullae
315 1602 378 1648 tunc
388 1593 457 1667 leges
470 1602 556 1658 erant,
578 1594 641 1666 quia
656 1593 739 1648 libido
748 1611 841 1668 regum
851 1611 902 1666 pro

99 1669 203 1741 legibus
223 1670 378 1722 hebebatur.
410 1669 517 1742 Legitur
530 1669 619 1740 itaque
628 1668 717 1733 Solon,
729 1669 771 1722 vir
785 1668 902 1724 iustitiae

99 1743 226 1815 insignis,
242 1743 290 1814 qui
307 1741 378 1796 velut
392 1760 488 1797 novam
502 1744 632 1797 civitatem
649 1743 752 1816 legibus
767 1743 899 1798 conderet.

99 1817 151 1884 Qui
161 1823 232 1871 tanto
245 1823 448 1886 temperamento
462 1817 529 1870 inter
539 1817 641 1887 plebem
652 1825 826 1890 senatumque
835 1819 898 1890 egit,

98 1893 202 1966 (quum,
213 1891 236 1944 si
250 1891 316 1962 quid
326 1907 374 1962 pro
383 1890 462 1946 altero
472 1891 563 1946 ordine
572 1892 683 1956 tulisset,
696 1891 769 1946 elteri
781 1892 903 1963 displici-

98 1975 189 2022 turum
200 1962 374 2040 videretur)ut
385 1966 418 2020 ab
427 1966 547 2038 utrisque
557 1984 645 2037 parem
656 1967 766 2040 gratiam
777 1968 901 2023 traheret.

99 2041 184 2097 liuius
204 2041 256 2098 viri
275 2041 342 2096 inter
359 2040 442 2095 multa
456 2041 559 2114 egregia
573 2041 640 2096 illud
656 2041 825 2097 memorabile
839 2041 902 2099 luit.

73 2131 79 2140 ·
98 2117 582 2189 lnterAtheniensesetMegarensesde
592 2116 905 2188 proprietateSaleminae

99 2192 201 2248 insulae
211 2210 292 2264 prope
301 2209 388 2264 usqne
400 2191 535 2246 interitum
550 2192 631 2245 armis
641 2191 794 2246 dimicatum
804 2191 904 2249 iuerat.

99 2268 159 2320 Post
168 2266 254 2322 clades
264 2266 362 2322 multas
371 2266 463 2338 capital
474 2284 532 2320 esse
539 2265 610 2337 apud
619 2266 791 2322 Athenienses
805 2269 903 2337 coepit,

98 2341 120 2394 si
136 2342 198 2412 quis
214 2341 299 2414 legem
314 2341 346 2396 de
360 2340 517 2396 vindicanda
531 2341 618 2395 insule
628 2341 739 2396 tulisset.
768 2341 907 2397 Sollicitus

98 2415 181 2485 igitur
195 2414 282 2479 Solon,
299 2433 333 2470 ne
347 2425 393 2470 aut
402 2416 510 2471 tacendo
520 2433 614 2486 perum
628 2416 787 2486 reipublicae
804 2431 909 2472 consu-

99 2484 169 2551 leret,
192 2496 237 2542 nut
256 2489 386 2544 censendo
399 2490 461 2554 sibi,
478 2491 592 2546 subitam
608 2490 766 2546 dementiam
782 2489 905 2558 simulat,

98 2559 256 2616 cuiusvenie
267 2579 318 2616 non
330 2563 449 2618 dicturus
459 2564 538 2619 modo
547 2565 688 2637 prohibita,
695 2567 741 2621 sed
750 2574 775 2621 et
784 2565 908 2622 facturus
994 2577 995 2616 t

98 2638 163 2683 erat.
198 2632 325 2690 Deformis
339 2637 446 2702 habitu,
463 2655 536 2694 more
550 2640 702 2695 vecordium
717 2641 745 2697 in
762 2639 913 2714 publicum
994 2619 995 2658 l
