1984 3010
283 211 356 257 LIB.
369 213 427 258 ΧΠ.
449 215 530 260 ΟΑΡ.
553 215 595 260 14.
608 215 651 262 15.
820 210 864 261 111

122 311 186 368 Car.
207 311 279 366 XIV.
300 310 397 366 Auctor
417 313 574 368 insidiarum
593 315 729 386 Antipater
744 313 802 380 luit,
821 316 869 386 qui

70 403 151 460 quum
166 385 317 440 carissimos
333 387 431 441 amicos
444 389 502 442 eius
517 388 661 444 interlectos
672 390 784 457 viderem
806 389 869 444 Ale-

69 461 197 518 xandrum
219 460 417 534 Lyncistarum,
434 481 560 535 generum
581 482 670 530 suum,
688 466 819 534 occisum;
841 483 869 520 se

69 536 170 610 magnis
189 535 268 589 rebus
283 535 311 590 in
322 535 429 590 Graecia
445 538 525 610 gestis
540 556 593 594 non
609 547 661 593 tam
678 547 784 612 gratum
797 540 869 610 apud

68 629 154 684 regem
176 628 258 681 quam
277 610 441 665 invidiosum
459 629 527 674 esse,
549 629 565 666 a
584 622 665 668 matre
684 631 792 685 quoque
811 615 868 670 eius

69 685 223 760 Olympiade
248 685 329 740 variis
351 703 380 739 se
403 686 632 750 criminationibus
654 699 793 743 vexatum:
815 689 870 744 huc

69 761 221 816 accedebant
234 767 293 814 ante
309 777 404 830 paucos
422 760 478 814 dies
489 760 619 832 supplicia
636 763 665 816 in
674 760 813 833 praefectos
824 765 870 818 de-

66 837 195 890 victarum
210 835 348 889 nationum
363 835 502 889 crudeliter
512 835 616 890 habita:
637 855 670 890 ex
681 838 780 908 quihus
790 837 869 892 rebus

68 929 95 965 se
110 927 217 982 quoque
230 928 244 964 a
259 909 409 964 Macedonia
424 925 476 964 non
488 911 521 964 ad
535 911 682 966 societatem
693 911 811 982 militiae,
823 912 870 966 sed

67 985 98 1040 ad
112 1001 222 1056 poenam
237 993 374 1038 evocatum
389 985 576 1040 arbitrabatur:
598 987 680 1059 igitur
695 985 728 1040 ad
738 1003 870 1057 occupau-

66 1061 130 1114 dum
144 1067 231 1132 regem
249 1059 428 1113 Cassandrum
443 1059 529 1114 filium
544 1061 603 1115 dato
618 1077 718 1115 veneno
732 1061 867 1126 subornat,

66 1135 112 1206 qui
122 1152 184 1188 curn
194 1132 319 1188 fratribus
331 1133 455 1204 Philippo
467 1142 492 1188 et
502 1135 565 1190 Iolla
575 1136 724 1191 ministrare
734 1137 790 1204 regi
800 1137 869 1191 sole-

64 1211 121 1264 bat:
143 1209 220 1262 cuius
234 1209 328 1262 veneni
340 1215 410 1262 tanta
421 1208 462 1262 vis
470 1208 529 1274 tuit,
541 1218 634 1264 utnon
648 1229 714 1276 acre,
726 1229 779 1266 non
789 1211 866 1276 ferro,

64 1303 116 1338 uon
135 1291 199 1337 testu
219 1283 407 1347 contineretur,
425 1300 474 1336 nec
492 1283 566 1338 aliter
578 1284 639 1339 ferri
653 1287 706 1340 nisi
722 1286 750 1340 in
766 1287 868 1360 ungula

63 1359 125 1432 equi
142 1359 269 1429 potuerit:
290 1357 453 1428 praemonito
468 1358 530 1424 filio,
547 1377 580 1414 ne
595 1360 640 1414 alii
651 1379 733 1432 quam
744 1360 868 1416 Thessalo

61 1443 86 1488 et
96 1433 222 1488 fratribus
232 1433 354 1487 erederet.
386 1433 531 1506 Hacigitur
541 1452 573 1488 ex
586 1452 665 1489 causa
675 1435 746 1506 apud
757 1437 869 1490 Thessa-

61 1509 119 1563 lum
125 1515 246 1580 paratum
257 1507 450 1580 repetitumque
459 1509 614 1564 convivium
624 1518 672 1563 est.
694 1510 833 1579 Philippus
843 1517 868 1562 et

60 1583 139 1639 Iollas
159 1591 328 1656 praegustare
345 1600 375 1636 ac
396 1591 541 1654 temperare
559 1591 651 1654 potum
671 1583 740 1655 regis
754 1583 824 1636 soliti
838 1583 867 1637 in

60 1677 131 1731 aqua
150 1657 247 1732 frigida
261 1673 394 1712 venenum
408 1658 568 1724 habuerunt,
584 1675 667 1729 quam
687 1665 868 1730 praegustatae

58 1735 114 1789 iam
125 1735 225 1804 potioni
234 1733 450 1804 supermiserunt.

116 1809 188 1864 Cur.
210 1809 269 1864 XV.
290 1807 387 1874 Quarto
397 1809 440 1864 die
448 1806 598 1862 Alexander
607 1805 783 1861 indubitatam
796 1823 868 1861 mor-

57 1892 112 1938 tem
124 1883 240 1937 sentiens
253 1901 392 1952 conoscere
406 1902 434 1939 ec
441 1889 525 1954 tutum
533 1887 756 1938 domu-amatorum
761 1899 868 1936 suorum

56 1959 109 2013 ait:
129 1977 193 2014 nam
199 1962 338 2027 plerosque
346 1957 504 2012 Aeacidarum
512 1963 585 2012 intro
601 1962 759 2026 tricesimum
769 1975 867 2012 cunum

55 2039 204 2104 defunctos.
238 2030 440 2086 Tumultuantes
464 2031 558 2086 deinde
585 2032 681 2086 milites
709 2031 867 2102 insidiisque

53 2109 145 2179 perire
159 2125 249 2180 regem
263 2107 426 2178 suspicantes
442 2107 498 2177 ipse
515 2107 628 2174 sedavit3
651 2123 748 2177 eosque
761 2123 863 2170 omnes,

54 2201 145 2254 quum
169 2179 285 2253 prolatus
305 2182 334 2236 in
356 2181 533 2236 editissimum
549 2181 624 2235 urbis
639 2180 726 2234 locum
740 2187 815 2242 esset,
832 2180 865 2234 ad

53 2265 229 2328 conspectum
242 2274 323 2310 suum
337 2257 444 2310 admisit
457 2255 681 2326 osculandamque
691 2255 810 2308 dextram
820 2272 867 2308 su-

54 2351 99 2386 am
115 2331 242 2386 flentibus
257 2332 382 2403 porrexit.
412 2331 502 2396 Quum
518 2330 683 2384 lacrimareut
693 2346 793 2394 omnes,
809 2330 866 2400 ipse

53 2425 110 2462 non
122 2408 183 2462 sine
193 2407 308 2462 lacrimis
318 2413 431 2471 tantum,
444 2423 537 2460 verum
548 2405 626 2458 etiam
637 2405 694 2459 sine
703 2404 759 2459 ullo
768 2405 867 2460 tristio-

52 2482 92 2546 ris
104 2483 204 2537 mentis
214 2489 369 2554 argumento
379 2481 437 2544 fuit,
449 2488 479 2534 ut
488 2480 619 2552 quosdam
629 2479 808 2551 impatientius
819 2479 867 2531 do-

52 2555 140 2612 lentes
157 2556 309 2611 consolatus
323 2557 370 2624 sit3
392 2555 553 2628 quibusdam
570 2554 692 2608 mandata
702 2554 735 2608 ad
746 2558 866 2623 parentes

50 2649 150 2687 eorum
166 2631 250 2686 dedit:
272 2631 344 2694 adeo,
361 2631 438 2684 sicuti
455 2631 484 2684 in
498 2629 609 2692 hostem,
627 2629 663 2682 ita
677 2637 701 2681 et
716 2628 742 2679 in
753 2629 864 2676 mortem

47 2707 176 2764 invictus
187 2705 359 2762 animusluit.
380 2705 502 2760 Dimissis
512 2703 641 2758 militibus
651 2697 866 2756 amicoscircum·
