2044 3028
327 181 398 224 uie.
418 182 494 226 xrm.
523 182 604 228 cae.
625 183 651 226 4.
840 179 885 234 tot

91 295 173 350 quam
183 276 327 332 Alexandri
336 287 412 335 asset.
440 283 500 338 Post
508 290 618 338 mortem
628 282 727 350 Iasonis
736 281 838 337 Medius
849 299 891 337 ae-

91 353 183 408 mulus
197 353 300 408 virtutis
313 354 369 410 eius
384 356 412 410 in
427 355 553 412 honorem
568 357 659 411 matris
671 356 784 412 Mediam
797 358 891 412 urbem

91 427 220 484 condidit·
214 431 889 514 ,regnumqueexnominesquedorumconstituit,

92 503 144 558 suh
153 519 230 557 curus
243 505 376 559 maiestate
388 504 500 560 Onentrs
510 507 614 578 postea
607 523 748 578 rmperrum
758 505 815 560 luit.
847 505 892 561 ΑΙ-
932 516 933 519 ’

91 577 209 632 banis'
182 577 284 633 vicinae
293 579 439 635 Amazones
449 589 523 635 sunt:
545 599 660 653 quarum
668 581 787 654 reginam
798 581 893 636 Thale-

92 660 173 707 strem
182 653 351 709 concubitum
361 653 504 710 Alexandri
515 657 611 727 petisse
621 654 698 709 multi
708 662 823 710 auctores
831 674 893 727 pro-

92 726 191 782 didere.
221 727 362 783 Armenius
382 747 489 802 quoque
503 738 528 784 et
542 731 598 802 ipse
610 729 761 795 Thessalus,
775 748 846 785 unus
860 729 893 784 de

92 817 204 858 numero
223 801 322 859 ducum
341 804 450 868 Iasonis,
471 805 603 859 recollecta
623 804 801 869 multitudine,
824 822 894 876 quae

92 878 191 932 amisso
199 878 290 932 Iasone
299 895 359 951 rege
367 879 466 950 passim
479 879 630 952 vagabatur,
641 879 793 934 Armeniam
803 879 894 934 condi·

92 953 144 1007 dit:
166 953 272 1007 acuius
287 953 420 1008 montibus
431 953 517 1039 Tigris
527 952 625 1009 fluvius
635 953 745 1008 modicis
754 955 841 1026 primo
851 953 895 1008 in-

92 1027 232 1082 crementis
246 1028 374 1097 nas'citur;
396 1029 527 1084 interiecto
545 1028 640 1084 deinde
659 1028 793 1115 aliquanto
810 1029 893 1115 spatiq

93 1103 144 1157 sub
159 1109 240 1156 terras
255 1103 395 1176 mergitur,
417 1111 495 1190 atque
513 1103 548 1158 ita
560 1113 619 1175 post
631 1104 751 1190 quinque
763 1111 788 1158 et
797 1104 893 1176 viginti

93 1177 177 1232 millia
189 1195 319 1248 passuum
331 1178 452 1251 grande
444 1195 497 1233 ram
507 1177 624 1234 flumen
616 1197 644 1233 rn
659 1180 764 1252 regione
774 1178 894 1250 Sophene

78 1295 80 1300 ,
92 1253 215 1326 emergit;
237 1269 268 1306 ac
276 1253 315 1306 sic
324 1253 351 1307 in
362 1252 471 1324 paludes
481 1253 623 1324 Euphratis
633 1255 765 1326 recipitur

148 1327 217 1382 Car.
231 1327 273 1382 lV.
294 1327 377 1400 Igitur
395 1327 565 1392 Mithridates,
585 1346 631 1383 rex
650 1329 820 1394 Parthorum,
835 1335 895 1401 post

0 1396 1 1401 '
91 1401 193 1457 hellum
204 1400 342 1457 Armeniae
350 1409 455 1474 propter
464 1403 895 1459 crudehtatemascnatuParthrco

92 1494 175 1550 regno
188 1476 303 1548 pellitur.
333 1477 458 1532 Frater
435 1494 493 1532 arus
508 1478 615 1544 Orodes,
630 1496 716 1550 quum
725 1495 837 1550 regnum
848 1495 894 1532 va-

91 1569 156 1607 cans
165 1559 325 1622 occupasset
337 1551 518 1626 Babyloniam,
534 1571 588 1641 quo
600 1521 761 1609 Mithridates
770 1551 895 1624 conluge-

91 1633 141 1692 rat
154 1625 202 1681 diu
212 1626 327 1696 obsidet;
348 1635 373 1681 et
386 1627 455 1682 lame
468 1637 567 1684 mactus
577 1629 606 1683 in
616 1627 775 1682 deditionem
784 1625 894 1701 opprda

92 1719 142 1758 nos
164 1701 305 1788 compellit.
335 1702 498 1759 Mithridates
515 1711 602 1759 autem
619 1703 715 1758 fiducia
733 1697 894 1775 cognationis

91 1775 163 1832 ultro
176 1794 205 1831 se
220 1776 248 1832 in
262 1783 414 1848 potestatem
429 1777 524 1833 Orodis
538 1778 626 1833 tradit.
655 1777 707 1833 Sed
720 1775 818 1833 Orodes
832 1775 894 1848 plus

90 1854 196 1907 hostem
201 1869 287 1938 ,quam
297 1851 400 1907 fratrem
409 1853 542 1926 cogitans
535 1873 562 1908 m
573 1861 712 1925 conspectu
722 1869 771 1907 suo
780 1851 896 1906 trucida-

1 1928 2 1992 l
91 1943 189 1982 rreum
199 1925 289 1996 tussit
310 1935 335 1981 et
344 1935 402 1999 post
411 1929 475 1982 haec
484 1927 584 1984 bellum
596 1946 658 1983 cum
668 1928 793 1983 Romanis
802 1928 892 2000 gessit

1 2011 2 2038 ³
91 2002 273 2074 Crassumque
292 2001 473 2074 imperatorem
493 2021 555 2059 cum
575 2003 629 2059 filio
647 2011 672 2058 et
690 2001 763 2058 omni
780 2003 895 2057 exercitu

1 2141 2 2146 ἵ
90 2079 212 2132 Romano
221 2075 326 2132 delevit
356 2077 442 2132 llurus
452 2078 524 2134 filius
535 2080 647 2134 Pacorus
656 2095 755 2132 missus
765 2076 799 2132 ad
807 2094 896 2147 perse-

91 2150 214 2239 quepdas
228 2151 339 2206 Romani
351 2152 414 2207 belli
429 2152 554 2226 reliquias
568 2153 672 2226 magnis
686 2151 787 2207 r'chus
779 2168 808 2204 in
818 2151 896 2225 Syria

91 2225 175 2301 gestis
187 2225 214 2280 in
229 2226 361 2281 Parthiam
374 2227 442 2300 patri
458 2235 596 2300 suspectus
612 2235 759 2294 revocatnr;
781 2243 835 2297 quo
849 2227 896 2282 ab·

92 2308 166 2357 senta
189 2300 319 2356 exercitus
333 2303 488 2358 Parthorum
505 2303 638 2358 relictus'
630 2320 659 2356 rn
674 2301 750 2374 Syria
763 2318 778 2354 a
793 2301 893 2368 Cassio,

91 2383 231 2506 quaestore
250 2375 351 2442 Crassi
376 2394 438 2432 oum
461 2378 586 2433 omnihus
606 2376 719 2431 ducibus
738 2375 894 2431 trucidatur.

1 2451 195 2506 1Ηιείῑει
211 2452 293 2525 gestis
308 2468 361 2507 non
376 2470 473 2526 magno
486 2459 545 2525 post
557 2459 674 2524 tempore
689 2451 815 2506 Romanis
829 2450 896 2505 inter

1 2545 2 2548 ¹
92 2527 232 2582 Caesarem
246 2525 454 2599 Pompeiumque
468 2527 545 2584 civile
559 2525 660 2582 bellum
676 2525 773 2581 oritur.
798 2525 825 2578 in
841 2541 896 2610 quo

1 2645 2 2662 r
91 2600 184 2656 Parthi
193 2601 412 2672 Pomperanarum
422 2602 537 2674 paruum
548 2601 628 2667 luere,
637 2608 663 2656 et
671 2606 774 2672 propter
784 2598 897 2652 amroru

1 2665 2 2722 i
91 2694 137 2732 am
152 2692 214 2730 cum
229 2677 351 2748 Pompeio
367 2675 435 2732 hello
448 2677 622 2732 Mithridatico
631 2675 747 2730 iunctam
757 2680 782 2727 et
791 2679 896 2742 propter
