2022 3010
97 197 130 249 66
332 201 482 246 IUSTINI
500 202 656 247 HISTOR.

96 311 155 358 tum
170 309 262 355 natura
275 308 427 355 ornamenta
441 301 570 366 exstitere,
583 309 612 354 ut
621 300 698 354 etiam
709 297 834 372 Olympio
844 317 905 355 cer-

96 376 195 432 tamine
205 377 279 430 vario
287 375 448 430 ludicrorum
458 393 553 448 genere
562 375 731 430 contenderit,

152 451 221 504 Car.
242 452 288 504 ΙΙΙ.
309 449 399 516 Quum
409 451 513 504 interim
523 451 624 512 Darius,
637 451 836 512 rexPersarum,
844 455 902 502 tur-

97 525 125 597 pi
139 525 173 579 ab
187 525 294 598 Scythia
305 525 366 598 luga
376 526 523 590 submotuS,
537 543 569 578 ne
582 525 682 595 ubique
694 522 818 578 deformis
828 523 903 576 mili·

97 600 148 653 tiae
158 600 263 653 damnis
273 600 421 664 haberetur,
433 600 511 653 mittit
522 617 581 652 cum
588 607 659 670 parte
667 599 804 669 copiarum
810 599 902 670 Mega-

97 675 196 728 bazum
210 675 243 728 ad
256 674 432 748 subigendam
442 675 580 728 Thraciam
591 679 726 744 ceteraque
735 672 792 726 eius
803 679 901 726 tractus

98 767 191 822 regna:
214 750 313 822 quibus
337 767 383 820 pro
407 748 518 821 ignobili
541 755 673 818 momento
692 754 747 801 erat
764 763 901 802 accessura

98 825 258 880 Macedonia.
288 825 340 891 Qui
353 825 427 878 brevi
440 831 556 894 tempore
566 829 687 878 exsecuto
696 822 766 894 regis
777 821 897 892 irnperio,

99 898 190 972 legatis
204 900 237 954 ad
249 901 402 972 Amyntam,
413 897 679 970 regemlllacedoniae,
687 895 786 960 missis,
794 895 899 950 obsides

99 975 125 1028 in
141 975 240 1046 pignus
251 972 353 1026 loturae
362 972 434 1042 pacis
447 972 503 1026 dari
513 972 565 1026 sibi
575 971 733 1042 postulabat.
766 969 818 1024 Sed
829 969 901 1044 lega-

98 1049 118 1101 ti
127 1049 241 1120 benigne
250 1047 349 1117 excepti
360 1047 427 1100 inter
435 1046 527 1117 epulas
537 1047 658 1101 ebrietate
668 1052 798 1099 crescente
806 1051 902 1118 rogant

97 1122 252 1194 Amyntam,
264 1128 295 1174 ut
304 1121 438 1192 apparatui
448 1120 586 1191 epularum
596 1121 700 1175 adiiciat
710 1120 752 1173 ius
762 1118 901 1173 familiari-

98 1196 171 1260 tatis,
197 1194 322 1248 adhibitis
349 1195 377 1248 in
402 1195 555 1250 convivium
574 1196 631 1249 suis
646 1212 676 1249 ac
690 1194 739 1248 filii
753 1195 897 1249 uxoribus:

97 1275 125 1324 id
139 1274 209 1337 opud
223 1271 316 1324 Persas
333 1273 422 1323 labari
435 1274 532 1338 ptqncs
546 1276 676 1340 casnedus
690 1273 805 1336 hospitti.
827 1268 902 1335 Quae

97 1352 127 1398 ut
138 1351 273 1408 venerunt,
285 1343 446 1414 petulantius
455 1345 674 1398 contrectantibus
682 1341 898 1416 liliusAmyntac,

97 1417 254 1483 Alexander,
272 1424 345 1491 rogat
358 1426 466 1488 patrem,
483 1426 601 1488 respectu
615 1417 703 1472 aetatis
718 1435 748 1470 ac
762 1418 901 1490 gravitatis

97 1512 160 1548 suae
175 1494 256 1548 abiret
269 1493 397 1556 convivio,
416 1491 548 1563 pollicitus
558 1510 586 1546 se
596 1493 729 1563 hospitum
742 1500 901 1562 temperatu-

97 1587 158 1622 rum
177 1570 255 1624 iocos.
286 1568 344 1634 Quo
363 1567 481 1640 digresso
496 1567 619 1621 mulieres
634 1583 742 1638 quoque
756 1566 900 1637 paululum

57 1642 64 1654 ‘
97 1661 111 1695 e
126 1645 247 1698 convivio
260 1651 356 1706 evocat,
375 1643 472 1697 cultius
487 1649 659 1696 exornaturus
669 1643 849 1714 gratioresque
858 1660 902 1696 re-

97 1717 235 1771 ducturus.
265 1719 294 1770 ln
311 1735 425 1789 quarum
437 1717 522 1771 locum
533 1715 671 1772 matronali
684 1716 778 1770 habitu
787 1734 901 1771 exorna-

96 1799 136 1844 tos
154 1792 261 1844 iuvenes
285 1792 418 1861 supponit,
444 1809 541 1863 eosque
560 1791 733 1863 petulantiam
752 1790 899 1864 legatorum

96 1864 171 1928 lerr0,
191 1863 262 1934 quod
278 1865 329 1918 sub
346 1872 415 1918 veste
424 1866 557 1936 gerebant,
576 1883 739 1937 compescere
749 1864 831 1919 iubet.
851 1866 902 1920 At-

96 1956 148 2010 que
166 1938 200 1992 ita
224 1938 363 1992 interfectis
381 1939 516 2004 omnibus,
538 1940 648 2013 ignarus
672 1941 710 1995 rei
726 1941 899 2014 Magabam,

96 2031 181 2086 quum
197 2013 274 2086 legati
289 2032 341 2068 non
350 2013 471 2077 redirent,
484 2015 563 2068 mittit
573 2033 603 2069 eo
613 2033 675 2070 cum
685 2015 815 2070 exercitus
825 2024 902 2086 parte

94 2089 235 2154 Bubarem,
252 2096 281 2143 ut
294 2089 322 2143 in
338 2089 438 2143 bellum
448 2088 523 2143 facile
535 2097 560 2143 et
573 2091 716 2144 mediocre:
738 2089 901 2162 dedignatus

95 2165 151 2235 ipse
170 2165 215 2230 ire,
236 2181 270 2218 nc
287 2163 499 2220 dehonestaretur
517 2165 615 2236 proelio
633 2173 685 2219 tam
700 2163 789 2218 foedae
801 2165 901 2240 gentis.

94 2239 146 2293 Sed
160 2241 276 2294 Bubares
289 2247 348 2294 ante
362 2239 462 2294 bellum
477 2256 564 2293 amore
578 2239 647 2293 filiae
661 2239 791 2312 Amyntae
805 2246 904 2309 captus

93 2315 191 2368 omisso
205 2313 274 2368 bello
292 2315 397 2386 nuptias
412 2313 480 2378 facit,
493 2314 671 2386 depositisque
685 2313 826 2368 hostilibus
839 2315 904 2368 ani-

94 2387 146 2439 mis
156 2387 184 2439 in
194 2387 336 2442 adfinitatis
347 2389 404 2442 iura
415 2387 540 2442 succedit.

149 2459 216 2514 Car.
236 2461 282 2514 lv.
303 2463 363 2515 Post
386 2463 531 2516 discessum
569 2481 584 2517 a
603 2462 754 2517 Macedonia
773 2461 904 2529 BubariS,

93 2529 222 2604 Amyntas
237 2549 285 2586 rex
300 2534 413 2589 decedit:
435 2537 511 2590 cuius
526 2536 580 2591 lilio
594 2545 619 2590 et
628 2536 771 2590 successori
781 2534 909 2592 Alexan-

93 2601 140 2654 dro
155 2607 274 2676 cognatio
282 2608 394 2661 Bubaris
411 2627 462 2663 non
481 2611 551 2664 Darii
562 2618 665 2664 tantum
675 2611 838 2682 temporibus
851 2629 910 2682 pa—

92 2684 149 2724 “r‘m
167 2679 302 2744 praestitit,
325 2699 418 2734 verum
434 2683 512 2736 etiam
528 2685 644 2739 Xerxem
659 2686 723 2740 adeo
736 2683 907 2754 conciliavit,
