2044 3028
124 201 180 254 arc
364 203 516 248 rosano
533 159 691 250 nrsron‘.
739 208 742 213 ·

128 306 245 377 potuisse
264 305 322 375 capi
342 301 496 358 incredibile
517 300 631 375 singulis
645 301 789 357 videbatui.
822 302 887 358 Inde
901 305 928 360 in
1004 297 1005 326 ³

129 395 256 434 carcerem
272 377 349 432 ducto
360 376 518 432 verecundia
528 375 719 448 magnitudinis
728 376 785 431 eius
796 393 927 434 venenum
1004 391 1005 406 ³

128 453 270 520 dederunt,
293 451 365 524 quod
374 451 520 518 illelaetus,
532 469 562 506 ao
571 453 594 506 si
604 449 718 516 vicisset,
729 451 836 522 accepit,
848 470 931 524 quae-
1004 461 1005 464 ’

127 529 178 582 sito
196 527 285 598 prins:
307 545 340 582 an
355 527 487 601 Lycortas,
501 525 645 597 praefectus
659 527 832 590 Achaeorum,
848 544 927 598 quem

128 601 276 656 secundum
291 621 304 656 a
320 620 348 656 sc
362 619 419 656 csse
432 601 539 656 scientia
554 600 661 654 militari
670 599 775 666 sciebat,
787 599 928 655 incolumis

127 675 279 750 effugisset?
291 678 293 686 ’
308 676 392 742 Quem
402 683 432 730 ut
440 676 668 746 accepitevasisse,
680 693 733 730 non
745 676 773 732 in
783 681 876 741 totum,
886 675 929 732 di-

128 769 200 816 cens,
216 755 366 806 consultum
381 750 449 805 male
462 750 582 815 Achaeis,
594 749 747 820 exspiravit.
778 751 832 805 Nec
845 750 930 806 multo

127 834 187 898 post
201 833 317 897 reparato
331 825 399 880 bello
412 825 534 881 Messenii
544 825 700 894 vincuntur3
722 841 872 897 poenasque
887 825 930 880 in·

127 900 225 956 terlecti
237 900 447 972 Philopoemenis
456 899 645 970 pependerunt.

183 975 248 1030 Cir.
270 977 300 1028 ll.
321 977 419 1034 Interea
430 976 457 1028 in
470 975 546 1048 Syria
556 991 602 1030 rex
612 974 859 1047 Antiochus,quum
868 991 930 1048 gra·

127 1051 156 1106 vi
174 1051 271 1106 tributo
290 1050 371 1120 pacis,
388 1068 401 1104 a
417 1049 541 1107 Romanis
551 1049 645 1114 victus,
661 1057 784 1104 oneratus
792 1056 869 1114 esset,
879 1066 929 1104 seu

127 1125 216 1195 inopia
225 1123 351 1194 pecuniae
361 1123 514 1196 compulsus
523 1142 570 1181 seu
580 1124 689 1180 avaritia
695 1123 859 1188 sollicitatus,
865 1124 929 1194 quia

127 1198 248 1270 sperabat
257 1215 285 1252 se
294 1199 345 1252 sub
355 1199 440 1268 specie
450 1199 600 1254 tributariae
609 1198 768 1256 necessitatis
777 1198 931 1252 excusatius

127 1272 263 1345 sacrilegia
277 1273 492 1338 commissurum,
513 1273 631 1328 adhibito
643 1273 758 1330 exercitu
773 1280 848 1326 nocte
862 1280 932 1328 tem-

127 1347 202 1420 plum
222 1347 341 1420 Elymaei
356 1348 425 1404 lovis
438 1348 599 1422 adgreditur.
629 1346 686 1414 Qua
700 1365 728 1402 re
739 1347 854 1418 prodita,
866 1364 932 1402 oon-

121 1439 208 1478 cursu
222 1421 381 1478 insularium
394 1441 456 1478 curn
475 1423 548 1478 omni
568 1421 661 1478 militia
678 1422 842 1478 interficitur.
877 1422 933 1478 Ro-

121 1515 195 1562 mae,
205 1515 300 1570 ,quum
307 1497 408 1554 multae
422 1496 543 1560 Graeciae
552 1497 667 1554 civiates
680 1503 804 1569 questum
813 1496 847 1550 de
856 1496 932 1554 inru-

126 1574 174 1628 riis
185 1571 310 1644 Philippi,
323 1573 392 1644 regis
402 1571 582 1636 Macedonum,
590 1572 732 1636 venissent,
743 1587 768 1626 et
777 1571 933 1642 disceptatio

127 1649 155 1702 in
166 1654 258 1702 senatu
268 1648 335 1702 inter
346 1647 515 1710 Demetrium,
528 1646 644 1718 Philippi
657 1645 752 1710 lilium,
764 1663 845 1718 quem
857 1653 932 1716 pater

122 1722 161 1776 -ad
175 1719 389 1777 satisfaciendum
402 1721 504 1776 senatui
519 1721 633 1786 miserat,
649 1720 781 1793 allegatos
791 1721 932 1776 civitatum

123 1803 208 1852 esset:
232 1796 309 1850 turba
328 1794 496 1866 querelarum
513 1795 640 1850 confusus
658 1794 807 1850 adolescens
821 1803 934 1866 repente
1004 1795 1005 1860 l

21 1889 25 1896 ·
127 1869 244 1925 obticuit.
274 1871 349 1924 Tunc
367 1877 473 1926 sanatus
492 1869 648 1926 verecundia
666 1871 724 1924 eius
742 1877 839 1934 motus,
861 1887 935 1941 quae
1004 1867 1005 1890 ³

127 1943 234 2016 probata
243 1943 414 2009 etiam'antea,
429 1963 514 2016 quum
524 1945 600 2000 obses
609 1945 707 2000 Romae
715 1952 791 2008 esset,
803 1945 936 2000 omnibus
1004 1971 1005 1980 ¹

127 2019 219 2083 fuerat,
236 2035 342 2074 causam
358 2018 396 2072 illi
409 2019 530 2075 donavit:
551 2028 630 2091 atque
640 2020 674 2074 ita
685 2019 811 2074 modestia
821 2020 937 2074 suaDe·
1004 2075 1005 2078 ,

127 2093 237 2150 mettius
248 2094 351 2150 veniam
360 2095 436 2165 patri,
449 2113 502 2150 non
512 2095 569 2150 iure
577 2093 746 2159 defensionis,
761 2093 808 2148 eod
818 2094 939 2164 patroci-

127 2171 173 2224 nio
187 2168 304 2240 pudoris,
321 2169 447 2225 obtinuit:
469 2169 541 2241 quod
555 2170 645 2241 ipsum
657 2168 759 2224 decreto
770 2176 881 2222 senatus
896 2168 939 2222 si-

127 2245 284 2316 gnificatum
294 2252 341 2310 est,
351 2252 380 2300 ut
389 2252 532 2315 appareret,
542 2261 595 2300 non
605 2251 657 2298 tam
668 2242 818 2298 absolutum
829 2259 937 2315 regem,
1004 2263 1005 2306 g

128 2335 209 2388 qnam
230 2319 356 2374 donatum
376 2319 431 2373 silio
449 2327 559 2391 patrem.
590 2317 663 2384 Quae
680 2335 721 2372 res
732 2316 863 2372 Demetrio
880 2333 939 2372 non
1004 2365 1005 2386 ,

127 2392 239 2462 gratiam
249 2391 396 2464 legationis,
404 2393 450 2447 sed
459 2394 549 2448 odium
557 2392 749 2448 obtrectationis
757 2391 939 2464 comparavit.
1004 2409 1005 2420 ¹

128 2465 195 2517 Nam
215 2471 240 2516 et
254 2466 325 2534 apud
338 2465 444 2523 fratrem
459 2468 584 2522 Perseum
598 2467 738 2524 aemulatio
750 2466 791 2522 illi
799 2465 942 2522 invidiam

127 2537 269 2603 contraxit,
285 2545 310 2590 et
319 2539 390 2607 apud
400 2548 500 2609 patrem
511 2549 570 2596 nota
579 2540 751 2597 absolutionis
761 2559 841 2598 causa
849 2539 943 2598 offen-

127 2623 171 2659 sae
185 2607 243 2670 fuit,
261 2610 416 2680 indignante
429 2613 552 2685 Philippo
563 2615 626 2686 plus
638 2617 764 2672 momenti
774 2616 846 2688 apud
854 2631 943 2670 sena-

127 2684 184 2728 tum
195 2696 333 2747 personam
345 2681 392 2737 filii
403 2703 485 2755 quam
495 2689 672 2746 auctoritatem
683 2691 765 2762 patris
773 2708 804 2746 ao
816 2690 945 2765 dignita
