2014 3000
391 157 461 202 LIB.
482 155 550 204 Vm.
572 159 652 204 CAP.
673 161 700 206 1.
912 155 944 206 69

140 256 319 322 venientibus,
340 255 533 329 Olympiadem,
553 259 723 330 Neoptolemi,
741 259 810 332 regis
820 257 946 314 Molosso-

139 351 211 398 rum,
237 331 331 395 filiam,
349 349 458 384 uxorem
477 331 558 397 ducit,
580 334 733 388 conciliante
747 335 852 406 nuptias
869 333 945 388 fratre
972 339 975 346 ’

138 405 270 479 patruele,
291 405 371 459 altore
389 406 514 478 virginis,
539 407 655 473 Arruba,
676 427 736 482 rege
759 409 942 474 Molossorum,

140 481 189 553 qui
204 498 321 536 sororem
332 479 497 552 Olympiadis
508 482 607 536 Troada
618 483 646 536 iu
656 484 852 538 matrimonium
864 483 945 538 habc-

139 557 198 612 hat:
226 573 295 628 quae
315 571 392 608 causa
412 554 452 610 illi
468 556 540 610 exitii
555 557 738 629 malorumque
750 559 872 612 omnium
887 557 943 611 luit.

139 633 222 696 Nam,
236 630 302 684 dum
314 630 388 702 regni
399 631 557 684 incrementa
570 631 703 686 adfinitate
716 632 832 704 Philippi
848 632 945 704 adqui-

140 706 257 760 siturum
269 722 297 758 se
311 707 528 776 sperat,·proprio
542 723 623 778 regno
640 707 673 760 ab
687 705 778 760 eodem
788 707 906 778 privatus
917 707 945 760 in

139 779 221 836 exilio
235 779 379 834 consenuit.
411 781 458 834 llis
472 780 506 834 ita
516 781 596 852 gestis
607 779 745 851 Philippus
757 781 809 834 iam
820 798 873 837 nou
884 798 946 836 oon-

139 863 229 910 tentus
243 855 401 908 submovere
423 853 500 920 bella,
523 854 591 909 ultro
612 855 691 910 etiam
711 855 813 927 quietos
833 854 944 909 lacessit.

139 929 234 997 Quum
248 929 400 984 Mothonem
415 929 507 983 urbem
517 937 690 1004 oppugnaret,
702 930 730 985 in
740 937 946 1002 praetereuntem

138 1005 173 1059 de
191 1004 276 1058 muris
299 1003 393 1077 sagitta
411 1003 477 1058 iacta
495 1004 617 1059 dextrum
636 1004 743 1060 oculum
763 1006 832 1079 regis
847 1005 944 1060 effodit.

139 1080 201 1150 Quo
218 1079 329 1134 vulnere
343 1095 391 1133 neo
406 1079 511 1152 segnior
524 1080 552 1134 in
566 1078 665 1134 bellum
679 1098 727 1134 neo
740 1081 890 1135 iracundior
900 1079 947 1134 ad-

139 1173 237 1208 versus
252 1154 340 1208 hostes
355 1153 438 1208 lactus
451 1161 503 1207 est:
525 1152 589 1208 adeo
602 1162 632 1209 ut
646 1155 785 1210 interiectis
796 1156 890 1210 diebus
899 1172 946 1225 pa-

139 1247 198 1283 cem
215 1228 416 1300 deprecantibus
430 1227 538 1293 dederit,
557 1246 605 1283 neo
616 1230 765 1286 moderatus
778 1238 889 1298 tantum,
903 1247 947 1284 ve-

138 1321 204 1359 rum
214 1304 293 1358 etiam
303 1303 376 1357 mitis
386 1303 513 1357 adversus
522 1303 604 1360 victos
614 1303 701 1359 luerit.

428 1525 665 1560 -ερρρμ-

274 1820 473 1878 LIBER
521 1819 822 1878 OCTAVUS.

453 1965 637 1974 -ι--ῃ

453 1977 637 1986 *un-a

139 2072 164 2109 A
169 2071 191 2107 R
199 2069 224 2106 G.
242 2071 292 2118 Cap.
311 2075 329 2107 1.
347 2073 365 2106 2.
384 2069 477 2106 Thebani
492 2076 560 2108 eontra
573 2070 686 2108 Phocenses
699 2069 819 2117 Philippum
833 2075 949 2112 accersunt,

191 2137 211 2171 3.
224 2135 244 2170 4.
258 2135 277 2171 5.
292 2133 326 2183 qui
346 2139 366 2170 et
378 2132 492 2170 Phocenses
513 2139 594 2182 superat
605 2139 625 2170 et
636 2133 725 2181 reliquos
739 2132 826 2168 Graecos
838 2133 950 2180 opprimere

194 2202 285 2234 ceantur.
300 2199 318 2232 6.
327 2195 425 2233 Eiusdem
432 2195 591 2233 machinationes
601 2197 627 2232 ad
636 2194 754 2232 'rimandum
764 2207 855 2243 regnum.

203 2269 279 2334 Car.
300 2280 322 2334 I.
344 2279 467 2334 Graeciae
487 2279 614 2344 civitates,
631 2277 697 2333 dum
711 2278 839 2350 imperare
856 2279 950 2354 singu-

141 2354 186 2410 lae
200 2355 325 2426 cupiunt,
343 2353 485 2425 imperium
498 2371 590 2408 omnes
604 2353 787 2424 perdiderunt:
809 2355 908 2426 quippe
922 2356 950 2407 in

141 2436 273 2483 mutuum
292 2428 404 2482 exitium
423 2429 480 2482 sine
499 2427 577 2482 modo
596 2437 709 2493 ruenteS,
731 2429 856 2483 omuibus
867 2429 951 2498 perire

142 2503 220 2576 quod
230 2502 351 2576 singulae
361 2502 515 2565 amitterent,
526 2521 579 2557 non
590 2503 641 2556 nisi
650 2521 788 2575 oppressae
798 2509 948 2556 senserunt:

141 2577 282 2650 siquidem
299 2577 453 2648 Philippus,
472 2595 518 2630 rex
532 2577 710 2642 Macedoniae,
728 2575 800 2632 velut
817 2571 951 2655 espeoula

142 2652 264 2726 quadam
280 2652 393 2708 libertati
407 2652 527 2706 omnium
540 2651 688 2716 insidiatus,
701 2651 766 2704 dum
776 2653 952 2702 contentiones
