2022 3010
126 201 160 253 dl
361 205 513 250 IUSTINI
534 204 691 250 HISTOR.

125 306 242 360 bustiore
252 305 375 366 exercitu,
388 304 497 358 Lachete
507 310 532 356 et
541 301 670 357 Chariade
679 300 802 365 ducibus
815 299 941 356 Siciliam

126 381 253 450 petivere:
268 378 314 432 sed
324 379 495 441 Catinienses,
507 379 564 431 sive
575 385 646 430 metu
657 375 870 437 Atheniensium,
879 376 942 430 sive

126 452 211 506 taedio
228 452 304 517 belli,
324 470 416 522 pacem
434 470 495 505 cum
511 452 698 526 Syracusanis,
719 449 838 504 remissis
853 450 941 505 Atho-

127 527 261 582 niensium
272 527 388 591 auxiliiS,
401 525 527 580 lecerunt.

183 602 252 658 Car.
272 603 316 657 IV.
339 602 474 656 interiecto
493 599 589 654 deinde
604 607 735 670 tempore.
757 615 844 670 quum
867 598 939 652 fides

126 677 199 750 pacis
209 695 222 731 a
234 676 408 751 Syracusanis
418 694 470 730 non
481 682 637 738 servaretur,
649 674 737 728 denuo
746 672 844 746 legatos
852 673 939 727 Athe-

127 770 176 807 nas
191 753 312 820 mittunt,
334 751 382 824 qni
397 751 502 806 sordida
516 757 595 814 veste,
612 747 706 819 capillo
720 748 856 818 barbaque
872 765 937 819 pro-

128 827 228 892 missis,
239 835 264 882 et
274 828 347 882 omni
357 825 487 898 squaloris
497 824 590 878 habitu
601 823 634 878 ad
645 821 851 878 misericordiam
860 840 938 878 com-

128 903 286 957 movendam
302 901 439 972 acquisito,
453 899 603 954 concionem
614 897 744 951 deformes
754 897 864 951 adeunt:
888 898 938 952 ad-

128 977 229 1031 duntur
239 975 360 1046 precihus
371 974 506 1028 lacrimae:
520 982 544 1027 et
555 973 589 1029 ita
601 971 795 1026 misericordem
802 972 936 1043 populum

40 1045 42 1051 ⁴
128 1049 261 1120 supplices
270 1057 386 1112 movent,
399 1056 428 1103 ut
436 1049 624 1102 damnarentur
633 1047 722 1112 duces,
730 1047 775 1118 qui
787 1048 823 1100 ab
831 1047 875 1101 his
886 1066 936 1102 au-

129 1125 193 1178 xilia
203 1123 375 1178 deduxerant.
396 1123 479 1196 Igitur
488 1122 580 1176 classis
590 1123 684 1194 ingens
694 1122 855 1176 decernitur:
878 1139 936 1177 cre·

129 1205 207 1252 antur
223 1198 303 1251 duces
317 1197 406 1251 Nicias
420 1205 445 1251 et
457 1197 605 1252 Alcibiades
616 1205 640 1250 et
656 1197 817 1264 Lamachus,
839 1198 937 1252 tantis-

129 1290 181 1345 que
195 1272 299 1326 viribns
314 1271 402 1326 Sicilia
416 1265 550 1343 repetitur,
568 1279 597 1326 ut
612 1272 677 1342 ipsis
690 1271 783 1326 terrori
795 1279 893 1338 essent,
906 1273 935 1327 in

128 1365 245 1418 quornm
256 1346 355 1401 auxilia
365 1348 544 1400 mittebantur.
565 1348 642 1400 Brevi
652 1355 710 1417 post
720 1353 844 1417 ternpore,
857 1365 935 1402 revo-
998 1387 999 1390 κ

129 1421 228 1476 catoad
238 1429 339 1476 reatum
349 1421 492 1485 Alcibiade,
505 1420 559 1476 duo
568 1421 665 1492 proelia
675 1421 803 1492 pedestria
816 1422 935 1477 secunda
998 1393 999 1477 l

129 1497 217 1552 Nicias
232 1506 257 1552 et
269 1496 418 1552 Lamachus
433 1495 544 1550 faciunt:
570 1496 763 1550 munitionibus
778 1495 873 1550 deinde
883 1497 936 1552 cir·
997 1545 998 1568 ζ

129 1573 270 1632 cnmdatis,
289 1573 376 1627 hostes
390 1573 469 1627 etiam
488 1571 599 1626 marinis
618 1571 807 1626 commeatibus
824 1571 852 1625 in
867 1573 936 1626 urbe
997 1587 998 1592 ¹

129 1648 233 1702 clausos
246 1647 435 1702 intercludunt.
463 1646 568 1713 Quibus
584 1647 663 1700 rebus
676 1645 749 1700 fracti
762 1645 933 1720 Syracusani,
997 1599 998 1693 l

130 1722 263 1776 auxilium
276 1740 291 1776 a
304 1722 516 1776 Lacedaemoniis
525 1720 683 1792 petiverunt.
713 1720 755 1774 Ab
765 1721 808 1774 his
821 1721 935 1776 mittitur

130 1795 264 1868 Gylippus
282 1795 364 1860 solus,
379 1795 462 1848 sedin
478 1813 532 1866 quo
545 1797 628 1850 instar
637 1795 758 1850 omnium
771 1795 933 1851 auxiliorum

130 1879 193 1922 erat.
223 1870 258 1932 ls,
276 1868 364 1923 audito
373 1886 467 1942 genere
478 1869 551 1934 belli,
566 1870 619 1924 iam
630 1869 755 1925 inclinato
765 1879 843 1935 statu,
856 1872 934 1927 auxi-

130 1943 174 1996 liis
192 1951 288 2014 partrm
303 1943 331 1997 in
342 1943 461 2008 Graecia,
477 1945 573 2015 partim
590 1945 618 1998 in
630 1944 718 2000 Sicilia
728 1946 874 2011 contractis,
887 1963 934 2018 op-

129 2025 241 2089 portuna
254 2017 324 2072 bello
336 2017 390 2072 loca
400 2026 519 2090 occupat.
548 2020 657 2074 Duobus
670 2020 764 2075 deinde
776 2019 882 2092 proeliis
893 2021 934 2076 vi·

129 2102 201 2158 ctus,
228 2110 384 2167 congressus
404 2093 487 2159 tertio,
504 2094 589 2149 occiso
602 2095 742 2159 Lamacho,
760 2103 785 2150 et
802 2096 889 2150 hostes
905 2096 933 2151 in

129 2168 222 2243 fugam
246 2168 385 2240 compulit,
406 2176 432 2223 et
449 2169 533 2223 socios
551 2169 688 2224 obsidione
712 2170 842 2225 liberavit.
882 2169 933 2225 Sed

130 2261 216 2315 quum
226 2242 399 2299 Athenienses
409 2263 424 2298 a
433 2243 503 2299 bello
512 2244 626 2299 terrestri
639 2245 667 2299 in
678 2244 771 2298 navale
780 2262 808 2299 se
818 2252 934 2300 transtu·

130 2318 231 2382 lissent,
254 2318 387 2392 Gylippus
406 2319 516 2373 classem
536 2318 729 2374 Lacedaemone
744 2336 806 2373 cnm
825 2319 933 2374 auxiliis

129 2392 246 2445 arcessit.
276 2392 334 2458 Quo
355 2394 472 2465 cognito,
492 2401 517 2447 et
535 2394 585 2464 ipsi
603 2393 775 2448 Athenienses
796 2394 824 2448 in
846 2392 932 2449 locum
993 2435 994 2438 ,

129 2465 221 2518 amissi
235 2464 311 2518 ducis
328 2466 528 2520 Demosthenem
544 2475 569 2521 et
583 2468 780 2542 Eurymedonta
792 2486 855 2523 cum
869 2485 934 2541 snp-
993 2521 994 2557 y

65 2595 72 2608 ⁵
128 2535 260 2604 plemento
285 2539 420 2608 copiarum
444 2541 565 2595 mittunt:
607 2543 788 2614 Peloponnesii
814 2561 931 2615 qnoque,

128 2610 265 2663 communi
276 2611 412 2666 civitatum
424 2613 534 2678 decreto,
546 2615 663 2686 ingentia
673 2617 847 2690 Syracusanis
857 2620 934 2673 auxi-
992 2665 993 2668 ,

128 2675 165 2729 lia
175 2681 284 2736 misere:
297 2692 322 2737 et
333 2685 409 2756 quasi
420 2685 542 2742 Graeciae
551 2689 653 2744 bellum
664 2691 691 2746 in
697 2691 813 2746 Siciliam
823 2693 933 2749 transla-
992 2677 993 2704 l
