1998 3006
91 173 140 226 430
324 179 475 224 IUSTINI
492 179 651 226 HlsTOR.

146 279 215 334 Car.
236 279 269 331 ll.
290 279 359 333 Dum
378 280 440 333 baec
450 287 573 352 aguntur,
588 277 732 334 Cassander
741 278 774 332 ab
784 275 896 348 Apollo-

91 355 135 408 nia
149 352 251 406 rediens
266 353 358 407 incidit
370 355 398 407 in
413 355 569 418 Autariatae,
586 354 634 426 qui
647 361 751 425 propter
765 371 893 406 ranarum

91 427 264 499 muriamque
286 427 482 483 multitudinem
508 429 596 482 relicto
620 429 718 499 patriae
742 426 798 481 solo
817 427 893 481 sedes

90 502 264 573 quaerebant:
287 503 394 568 veritae,
412 521 445 558 ne
460 503 638 558 Macedoniam
648 509 814 573 nuncuparent,
827 500 894 556 lacta

90 577 208 647 pactione
217 577 244 631 in
257 578 403 632 societatem
413 597 456 632 eos
467 579 574 650 recepit,
597 595 727 650 agrosque
738 577 770 630 iis
783 576 894 631 ultimos

90 651 255 706 Macedoniae
269 653 399 726 adsignat.
428 653 533 716 Deinde,
550 671 582 707 ne
599 652 731 716 Hercules,
748 650 894 706 Alexandri.

92 727 178 795 filius,
195 727 243 798 qni
262 725 313 781 lere
327 747 409 782 annos
424 727 620 800 quatuordecim
636 734 788 790 excesserat,
805 725 895 780 lavore

91 802 192 872 paterni
207 803 322 856 nominis
335 803 362 856 in
375 821 485 874 regnum
495 803 659 857 Macedoniae
669 809 813 864 vocaretur,
825 801 896 854 occi-

92 877 119 930 di
138 895 199 930 enm
214 877 289 930 tacite
303 895 365 931 cum
381 885 461 931 matre
470 877 577 931 Barsine
587 876 666 940 iubet,
679 893 840 946 corporaque
851 893 897 930 eo·

92 970 152 1006 rum
173 960 238 1005 terra
261 953 346 1016 obrui,
369 970 401 1005 ne
415 953 504 1006 caedes
519 951 653 1023 sepultura
668 951 833 1022 proderetur:
860 957 895 1014 et,

92 1027 169 1098 qnasi
182 1044 275 1096 parum
289 1025 411 1080 facinoris
422 1027 448 1080 in
461 1027 517 1097 ipso
526 1027 644 1097 primum
654 1043 722 1098 rege,
735 1026 897 1080 moxinma-

92 1110 130 1153 tre
148 1101 205 1153 eius
219 1099 376 1172 Olympiade
386 1119 415 1154 ac
427 1100 480 1155 filio
495 1101 652 1164 admisisset,
665 1101 775 1155 alterum
787 1117 898 1172 quoqne

93 1175 178 1228 filium
192 1191 253 1228 cum
264 1182 346 1228 matre
356 1177 462 1229 Roxane
472 1175 630 1247 pari'iraude
641 1175 774 1229 interficit:
796 1175 898 1229 scilicet

91 1249 169 1321 quasi
180 1265 292 1322 regnum
303 1250 475 1313 Macedoniae,
486 1251 557 1322 quod
568 1250 717 1314 adfectabat,
725 1249 899 1304 aliterconse-

92 1323 140 1394 qui
155 1341 236 1395 qnam
251 1323 345 1378 scelere
359 1343 411 1380 non
426 1333 521 1396 posset.
552 1327 650 1378 Interea
661 1325 822 1379 Ptolemaeus
833 1342 898 1378 cum

91 1399 221 1452 Demetrio
234 1398 321 1454 navali
337 1400 435 1471 proelio
452 1401 541 1454 iterato
555 1400 736 1473 congreditur3
757 1408 782 1453 et
797 1400 899 1454 amissa

92 1473 175 1528 classe
188 1474 310 1544 hostique
323 1491 443 1529 concessa
460 1475 564 1529 victoria
579 1475 606 1528 in
623 1475 773 1549 Aegyptum
787 1474 899 1544 refugit,

92 1549 239 1603 Demetrius
256 1549 340 1604 silium
357 1551 495 1604 Ptolemaei
510 1549 675 1603 Leontiscum
687 1557 712 1602 et
722 1548 827 1603 fratrem
842 1551 901 1603 Me-

93 1625 199 1679 nelaum
209 1625 360 1697 amicosque
370 1626 427 1680 eius
433 1643 492 1679 cum
499 1625 593 1695 privati
604 1624 770 1678 instrumenti
777 1624 902 1677 ministe-

93 1700 132 1753 rio
146 1699 203 1770 pari
219 1708 373 1770 provocatus
391 1709 465 1754 antea
480 1717 597 1764 munere,
612 1700 759 1772 Aegyptum
774 1699 900 1754 remittit.

93 1781 126 1837 et,
141 1781 170 1827 ut
181 1783 315 1845 appareret
324 1793 367 1828 eos
377 1793 429 1829 non
440 1775 504 1839 odii,
516 1775 561 1828 sed
572 1774 706 1846 dignitatis
716 1772 798 1846 gloria
806 1791 903 1828 acren-

93 1867 145 1912 sos,
158 1848 234 1902 donis
245 1849 455 1920 muneribusque
464 1850 531 1904 inter
542 1850 597 1920 ipsa
614 1849 680 1902 bella
695 1848 900 1903 contendebant.

93 1925 175 1976 Tanto
185 1923 321 1977 honestius
332 1931 395 1978 tunc
404 1923 471 1978 bella
481 1925 648 1996 gerebantur,
659 1941 740 1994 quam
753 1925 903 1978 nunoami-

93 1998 167 2052 citiae
176 1997 308 2052 coluntur.
334 2000 388 2052 Hac
397 1999 502 2053 victoria
514 1999 596 2053 elatus
607 1999 755 2070 Antigonus
769 2015 858 2070 regem
871 2017 902 2052 so

92 2091 154 2128 cum
165 2074 292 2128 Demetrio
304 2072 357 2128 lilio
370 2073 495 2146 appellari
509 2073 630 2145 apopulo
642 2074 721 2126 iubet.
752 2073 904 2126 Ptolemae-

92 2169 125 2204 us
136 2167 251 2222 quoque,
267 2166 300 2203 ne
310 2149 419 2204 minoris
429 2149 500 2220 apud
510 2167 572 2203 suos
583 2147 901 2213 auctoritatisbaberetur‚

92 2243 139 2278 rex
149 2225 182 2278 ab
192 2225 307 2279 exercitu
320 2225 529 2297 cognominatur.
560 2223 664 2289 Quibus
675 2221 772 2276 auditis
783 2222 905 2276 Cassan-

92 2299 139 2351 der
149 2307 173 2352 et
183 2300 359 2372 Lysimachus
369 2308 394 2353 et
403 2299 453 2371 ipsi
464 2297 563 2371 regiam
574 2298 624 2351 sibi
636 2297 795 2352 maiestatem
807 2298 905 2351 vindi-

92 2381 228 2426 caverunt.
259 2375 344 2427 Huius
368 2374 475 2430 honoris
502 2373 662 2427 ornamentis
682 2371 783 2425 tamdiu
803 2389 904 2426 ornnes

25 2501 34 2516 ·
92 2444 284 2509 abstinuerunt,
300 2448 430 2517 quamdiu
448 2447 496 2501 filii
513 2447 582 2520 regis
602 2447 645 2501 sui
660 2464 795 2518 superesse
806 2445 907 2516 potue·

92 2525 162 2570 runt.
192 2519 272 2571 Tanta
290 2519 316 2573 in
334 2521 387 2574 illis
404 2521 558 2575 verecundia
569 2520 627 2586 luit,
641 2529 678 2586 ut,
690 2539 845 2592 quumopes
859 2540 906 2574 re-

92 2587 151 2654 gias
169 2588 303 2671 baberent,
325 2611 418 2665 regum
437 2603 524 2649 tamen
539 2596 693 2650 nominibus
707 2613 792 2667 aequo
807 2595 909 2650 animo

92 2669 231 2726 caruerint,
247 2665 334 2732 quoad
345 2667 494 2724 Alexandro
509 2671 595 2724 iustus
606 2670 681 2725 heres
692 2669 751 2724 luit.
776 2669 827 2725 Sed
838 2671 906 2724 Pto-
