2014 3000
125 175 143 229 2
364 178 513 227 IUSTINI
537 177 695 224 HNTOR.

127 279 190 333 suit.
211 279 312 333 Horum
323 278 404 351 igitur
417 283 530 348 quatuor
544 283 569 330 ct
579 275 752 349 quadraginta
758 275 925 333 voluminum

126 351 202 425 (nam
216 352 322 406 totidem
336 351 430 424 edidit)
447 369 494 422 per
507 351 600 416 otium,
615 369 669 422 quo
682 352 710 404 in
724 351 791 405 urbe
805 353 924 407 versaba-

128 445 198 490 mur,
211 427 359 500 cognitione
368 443 489 498 quaeque
498 424 656 498 dignissima
666 425 793 496 excerpsi,
807 429 925 491 et,omis-

126 501 164 555 sis
179 501 235 565 his,
256 519 324 572 quae
339 517 386 555 nec
400 499 574 573 cognoscendi
590 499 721 570 voluptate
734 500 864 566 iucunda,
881 520 929 556 nec

126 575 246 646 exemplo
260 582 333 630 erant
349 575 506 640 necessaria,
527 574 607 628 breve
623 574 705 628 veluti
719 573 813 628 florum
834 592 927 648 corpu-

127 649 231 704 sculum
242 649 299 716 feci,
313 657 342 704 ut
352 649 485 714 haberent,
499 655 523 702 et
533 649 581 719 qui
591 647 687 702 Graeca
699 648 862 714 didicissent,
875 669 930 721 quo

126 725 337 789 admonerentur,
354 725 439 796 etqui
453 741 506 778 non
521 723 685 788 didicissent,
698 740 753 794 quo
767 723 928 780 instrueren-

126 806 180 854 tur.
211 798 287 866 Quod
300 799 334 853 ad
345 806 377 864 te,
391 816 442 852 non
453 797 627 871 cognoscendi
637 798 732 870 magis,
745 815 828 868 quarn
839 816 928 854 ernen-

125 873 208 927 dandi
222 891 300 927 causa
316 873 464 940 transmisi;
486 871 568 927 simul
582 879 648 926 utet
661 873 707 926 otii
722 873 789 938 mei,
810 873 887 928 cuius
905 883 929 928 et

127 948 190 1002 Cato
204 947 364 1001 reddendam
378 954 461 1018 putat,
475 947 546 1018 apud
556 954 579 1000 te
592 947 657 1000 ratio
666 953 804 1001 constaret.
826 947 930 1003 Sufficit

125 1021 197 1075 enim
211 1021 278 1075 mihi
293 1020 320 1075 in
335 1029 451 1092 tempore
468 1021 596 1077 iudicium
611 1029 699 1085 tuum,
715 1020 786 1092 apud
800 1030 928 1092 posteroS,

124 1084 210 1167 duum
230 1096 422 1149 obtrectationis
436 1096 537 1152 invidia
556 1095 707 1160 decesserit,
733 1095 878 1152 industriae
893 1107 931 1153 te-

123 1170 281 1224 stimonium
293 1169 426 1224 habituro.

417 1349 634 1360 -ιι--ι-ι-

239 1543 821 1627 ,n1unara1uuss

429 1724 630 1751 Ξ

124 1814 194 1872 Aue.
209 1837 257 1885 Cap.
265 1841 284 1874 1.
294 1833 383 1885 Assyrii.
390 1834 465 1873 Ninus.
478 1833 626 1872 asemiramis.
638 1838 657 1873 3.
667 1834 821 1883 διτάιηιριῐιιε.
834 1839 855 1874 4.
862 1839 932 1878 Medi.

171 1899 279 1948 Astyages.
296 1901 313 1937 5.
325 1897 373 1949 Gyri
384 1897 452 1936 iniria.
470 1901 489 1934 6.
498 1897 550 1935 Eius
564 1910 653 1945 regnum.
671 1898 731 1936 une
746 1898 817 1935 croeso
832 1900 932 1939 victorin.

171 1961 361 2012 &Contraseythas
371 1961 482 2022 expeditio.
494 1960 795 2010 coambyseaurngicuues.
806 1961 933 2003 10.Darius-.

181 2058 256 2124 Car.
277 2069 299 2123 Ι.
329 2065 461 2138 Principio
482 2083 571 2121 rerum
594 2065 714 2140 gentium
736 2065 937 2140 nationumque

125 2138 269 2215 imperdrm
283 2160 364 2215 penes
379 2159 453 2215 reges
467 2149 534 2195 erat:
560 2158 627 2212 quos
642 2141 676 2194 ad
694 2139 830 2213 fastigium
845 2141 937 2198 huius

125 2219 268 2272 maiestatis
279 2236 331 2272 non
343 2217 452 2272 ambitio
462 2215 605 2288 popularis,
618 2215 664 2268 sed
677 2221 790 2284 spectata
802 2215 872 2270 inter
882 2218 934 2272 bo-

126 2308 174 2344 nos
184 2293 327 2346 moderatio
336 2291 503 2363 provehebat.
523 2289 639 2361 Populus
650 2288 731 2344 nullis
742 2288 846 2362 legibus
857 2299 937 2346 tene-

124 2365 216 2418 batur:
247 2366 354 2419 arbitria
374 2366 525 2436 principum
544 2382 592 2435 pro
611 2362 715 2436 legibus
733 2373 817 2418 erant.
848 2367 936 2420 Fines

125 2436 230 2504 imperii
244 2439 311 2491 tueri
331 2440 426 2509 magis,
447 2457 529 2510 quam
551 2438 678 2508 proferre,
694 2456 751 2492 mos
766 2447 833 2493 erat:
860 2440 935 2495 intra

119 2525 202 2558 suam
212 2509 308 2588 cuique
318 2513 430 2576 patriam
442 2529 521 2584 regna
532 2512 700 2566 finiebantur.
725 2513 831 2567 Primus
841 2516 939 2569 omni-

56 2609 63 2620 ·
119 2579 284 2657 unapibnus,
301 2596 348 2631 rex
362 2581 545 2653 Assyriorum,
566 2593 678 2640 veterem
693 2593 717 2638 et
731 2588 808 2656 quasi
826 2589 933 2644 avitum

115 2649 248 2711 gentnbus
260 2665 359 2702 morem
370 2670 437 2707 nova
450 2657 554 2726 imperii
564 2658 705 2728 cupiditate
718 2662 841 2717 mutavit.
883 2665 938 2717 Hic
