2016 3028
270 201 343 248 LIB.
363 202 430 248 XLI.
462 202 540 248 cAP.
562 200 586 248 o.
606 203 633 246 4.
805 197 856 252 255

104 297 172 354 Car.
193 298 239 354 111.
263 300 361 356 Uxores
372 301 512 356 duloedine
523 301 608 356 uariae
622 300 742 359 libidinis
754 301 856 376 singuli
947 308 974 322 ··“

50 373 262 448 piureshabent3
285 391 333 446 neo
342 375 397 430 nlla
407 375 499 431 delicta
508 375 635 432 adulterio
644 377 754 452 gravius
769 377 858 432 vindi-

49 455 120 504 oant.
150 449 329 523 Quamobrem
343 449 449 506 feminis
464 469 518 506 non
532 451 654 507 convivia
668 458 771 507 mutiam
785 452 857 507 viro-

50 541 121 589 rum,
134 541 227 581 vorum
238 525 316 580 etiarn
326 534 494 598 eonspeotum
508 525 677 580 interdicunt.
708 526 792 583 Carne
802 544 855 582 non

50 598 104 654 nisi
113 599 253 655 venatibus
263 599 381 671 quaesita
391 609 544 656 vescuntur.
573 600 658 673 Equis
668 601 742 655 omni
754 607 856 672 tempe-

49 692 78 728 re
88 672 246 728 'veetunmrz
267 673 321 728 illis
335 674 413 740 bella,
430 675 484 730 illis
496 675 627 740 oonvivie,
644 674 698 729 illis
710 674 816 748 publiea
827 691 857 730 ao

50 749 153 820 privata
167 747 252 804 oiiioia
267 749 378 816 obeunt3
400 767 480 822 super
492 747 552 804 ilios
567 750 613 815 ire,
625 750 773 814 oonsistere,
787 767 857 804 mer-

50 823 112 887 cari,
124 822 246 896 oolioqui.
277 823 453 896 Hoedenique
463 823 604 878 discrimen
614 824 683 878 inter
691 841 781 878 servos
790 823 857 878 libe-

50 915 148 970 rosque
157 906 204 963 est,
215 897 288 970 quod
297 899 367 954 servi
376 899 499 970 pedibus,
512 897 587 953 liberi
598 916 651 953 non
663 898 714 953 nisi
727 898 804 971 equis
814 898 857 954 in-

51 973 157 1029 uedunt.
180 971 319 1046 Sepuitura
331 973 412 1048 vuigo
422 981 469 1028 aut
477 973 569 1028 avium
580 981 624 1030 aut
634 990 730 1028 canum
742 971 856 1028 laniatus

51 1057 103 1102 est:
124 1047 314 1104 nndademum
324 1065 382 1104 ossa
393 1056 459 1103 terra
472 1047 598 1104 obruunt.
623 1046 856 1120 insuperstitioni-
926 1045 930 1053 '

51 1125 103 1178 bus
112 1131 191 1196 atque
200 1140 263 1178 eura
272 1123 382 1178 deorum
391 1123 531 1194 praeeipua
541 1119 855 1178 amnibnsvenerauosst.

51 1197 160 1272 Ingenia
176 1199 249 1270 genti
263 1197 375 1263 tumida,
391 1197 521 1262 seditiosa,
531 1193 708 1264 fraudulenta,
722 1198 854 1271 procacia.-

50 1273 151 1346 quippe
160 1273 310 1328 violentiam
320 1272 633 1337 viris,mansuetndinem
642 1273 857 1328 mulieribusad-

50 1349 165 1422 signent.
194 1347 303 1420 Semper
315 1357 361 1402 aut
371 1348 398 1402 in
408 1356 529 1404 externos
538 1355 583 1402 aut
592 1348 619 1402 in
631 1347 786 1404 domestioos
800 1365 857 1402 mo·

50 1432 94 1478 tus
107 1422 234 1494 inquieti3
256 1430 349 1478 natura
363 1423 447 1492 taeiti3
469 1423 503 1478 ad
517 1422 666 1478 iaciendum
676 1439 758 1495 quam
772 1422 805 1476 ad
814 1421 858 1476 di-

49 1497 166 1554 oendum
174 1498 342 1568 promtiores:
357 1497 467 1569 proinde
476 1497 591 1553 secunda
602 1497 765 1570 adversaque
774 1495 857 1551 silen-

48 1576 86 1628 tio
96 1580 195 1648 tegunt.
227 1573 395 1659 Principibus
412 1579 494 1638 metu,
513 1589 566 1628 non
579 1572 679 1644 pudore
692 1579 794 1643 parent.
825 1571 856 1624 ln

49 1647 190 1704 libidinem
200 1647 315 1718 proiecti,
328 1664 356 1702 ιη
366 1648 456 1705 cibum
466 1647 546 1720 paroi.
567 1645 645 1702 Fides
655 1646 732 1700 dietis
742 1645 857 1718 promis-

50 1725 144 1796 sisque
156 1721 241 1788 nulle,
253 1723 305 1777 nisi
315 1731 447 1794 mutunus
456 1722 572 1794 expedit.

91 1797 175 1853 ‘Cin
190 1797 234 1852 tv.
256 1797 316 1852 Post
328 1805 438 1855 mortem
453 1796 595 1852 Alexandri
610 1795 700 1872 Magni
714 1811 800 1868 quum
813 1795 856 1850 in·

49 1883 88 1927 ter
103 1889 266 1926 suooessores
280 1871 337 1926 eius
352 1870 466 1927 Orientis
480 1889 560 1945 regna
576 1871 766 1936 dividerentur,
781 1868 857 1926 nullo

47 1945 224 2004 Maoedonum
237 1945 372 2019 dignante,
389 1947 544 2002 Parthorum
561 1945 704 2018 imperium
722 1944 853 2020 Stagnori,

47 2029 159 2078 externo
169 2020 246 2087 socio,
259 2019 381 2076 traditur.
405 2021 437 2076 ffi
447 2028 535 2094 postea
544 2021 659 2077 diductis
668 2019 856 2076 Menedonibus

47 2099 78 2154 in
98 2095 201 2152 beilum
216 2094 293 2152 civile
311 2111 374 2152 oum
392 2095 483 2150 ceteris
497 2097 640 2168 superioris
658 2094 735 2150 Asiae
748 2093 855 2167 populis

47 2173 199 2227 Eumenem
209 2170 291 2242 secuti
299 2179 377 2226 sunt:
398 2186 453 2243 quo
463 2169 746 2244 vrotoadAntigonum
760 2168 860 2224 transi-'

49 2263 102 2301 ere.
134 2248 196 2301 Post
210 2245 283 2300 huno
296 2263 311 2300 a
324 2246 444 2301 Nicatore
453 2245 560 2300 Seleuoo
569 2262 600 2299 ao
609 2259 672 2299 mox
684 2244 718 2298 ab
728 2243 856 2299 Antiocho

47 2329 75 2378 et
86 2319 284 2392 suooessoribus
294 2320 352 2376 eius
360 2317 488 2392 possessi:
510 2319 611 2375 aeuins
621 2318 857 2390 pronepoteSeleu-

49 2413 81 2451 oo
90 2397 210 2471 primum
220 2393 344 2460 deieoare,
355 2395 443 2467 primo
453 2395 552 2450 Punioo
561 2393 639 2459 bello,
652 2391 857 2450 L.Manlioan-

47 2481 123 2536 sone,
139 2472 175 2526 M.
190 2467 281 2526 Attitio
294 2471 316 2524 R
370 2469 397 2525 lo
410 2469 574 2528 oonsulibus.
604 2469 690 2524 Huius
704 2467 856 2536 deiectionis

47 2538 236 2618 impunitatem
256 2543 310 2600 iliis
366 2560 444 2600 orum
463 2543 573 2600 fratrum
593 2561 696 2618 regum,
716 2543 817 2598 Seleuci
831 2549 857 2594 et

47 2621 184 2686 Antiochi,
196 2619 326 2675 disoordia
336 2619 420 2680 dedit:
437 2618 561 2691 quidum
571 2619 623 2674 sibi
634 2619 746 2673 invioem
758 2617 857 2690 eripere

46 2709 164 2771 regnum
175 2693 278 2761 voiunt,
291 2695 413 2767 persequi
426 2692 565 2748 defectores
576 2695 731 2749 omiserunt.
756 2689 855 2745 Eodem
