2014 3000
115 197 158 250 '20
363 201 514 247 IUSTINI
531 201 688 246 HISTOR.

125 301 278 368 Thalestris,
295 301 394 375 regina,
412 283 552 356 concubitu
561 298 703 355 Alexandri
714 316 760 370 per
773 297 828 352 dies
841 317 885 352 xru
897 299 930 353 ad

77 397 81 406 ·
126 376 242 430 sobolem
253 393 286 431 ex
297 393 326 430 eo
336 376 513 462 generandam
526 377 639 440 obtento,
651 391 754 430 reversa
765 373 792 426 in
803 389 927 446 regnum,

125 451 200 504 brevi
210 459 326 522 tempore
336 469 397 506 cum
408 468 480 504 omm
474 450 656 504 Aurazonum
670 449 777 503 nomine
786 448 928 502 intercidit

182 525 251 580 Cur
275 526 306 580 V
327 525 534 599 Scythaeautem
549 525 621 578 tertia
640 523 804 595 expeditione
818 521 927 588 Asiana,

125 617 210 670 quum
220 600 297 654 annis
308 609 363 654 octo
374 619 388 654 a
399 600 556 673 coniugibus
565 607 589 652 et
603 598 692 652 liberis
707 597 860 662 abfuissent,
873 615 931 650 ser-

125 673 174 728 vili
188 673 257 728 bello
271 675 342 728 domi
358 675 535 745 excipiuntur
570 673 673 744 Quippe
690 672 816 744 coniuges
835 688 927 726 eorum

126 747 203 821 longa
214 749 526 834 exspectationevirorum
538 747 627 813 fessae,
635 765 683 800 nec
693 747 744 801 iam
756 747 836 800 teneri
847 745 924 810 hello,

125 823 172 877 sed
187 823 284 878 deletos
299 831 375 888 ratae,
393 823 476 877 servis
491 822 524 876 ad
538 791 683 876 custodiam
697 837 820 892 pecorum
831 820 928 874 relictis

125 898 240 961 nubunt,
253 899 299 969 qui
310 915 426 952 reversos
436 914 497 952 cum
508 897 614 951 victoria
624 896 753 962 dominos,
766 894 838 950 velut
847 893 929 949 adve-

125 989 181 1036 nes,
203 971 295 1025 armati
315 972 414 1025 finibus
432 972 581 1042 prohibent.
623 958 726 1038 Quibus
749 987 834 1041 quum
854 970 929 1024 varia

127 1045 233 1100 victoria
247 1045 347 1110 suisset,
360 1045 533 1100 admonentur
544 1047 655 1119 Scythae
669 1052 771 1100 mutare
780 1061 865 1116 genus
875 1061 929 1114 pu-

124 1137 200 1192 gnae,
208 1137 346 1184 memores,
358 1137 410 1174 non
421 1127 482 1174 cuin
492 1103 622 1185 hostibirs,
630 1120 675 1174 sed
685 1137 746 1173 cum
758 1118 840 1172 servis
851 1136 929 1189 proc-

125 1194 259 1262 liandum;
271 1212 319 1248 neo
328 1212 470 1259 armorum
479 1195 697 1249 seddominorum
705 1193 925 1248 rurevrnoendos

125 1269 271 1323 verberam
282 1269 372 1334 aciem,
386 1286 438 1324 non
447 1287 519 1324 arma
530 1269 671 1337 afferenda3
686 1270 837 1338 omissoque
847 1266 926 1334 ferro,

124 1343 214 1415 virgas
229 1361 259 1396 ao
273 1343 374 1416 flagella
389 1351 524 1416 ceteraque
538 1344 642 1398 servilis
655 1351 740 1398 metus
754 1341 869 1414 paranda
885 1343 930 1397 in-

124 1425 279 1472 strumenta.
319 1417 427 1472 Probato
450 1436 542 1472 omnes
562 1418 680 1484 oonsilio,
703 1417 838 1483 instructi,
858 1416 930 1472 sicut

124 1501 291 1564 praeceptum
305 1499 370 1560 erat,
382 1499 522 1564 postquam
535 1493 568 1547 ad
578 1494 679 1547 hostem
690 1509 826 1556 accessere,
840 1491 930 1562 inopi-

125 1569 251 1622 nantibus
262 1568 370 1622 verbera
383 1567 525 1637 intentant,
547 1568 664 1640 adeoque
677 1567 735 1621 illos
745 1565 925 1638 perculerunt,

124 1651 244 1714 ut,quos
254 1641 322 1696 ferro
331 1660 383 1696 non
396 1649 522 1712 poterant,
540 1650 610 1697 metu
622 1643 762 1696 verberum
777 1641 925 1697 vincerent:

125 1715 278 1789 fugamque,
296 1734 348 1770 non
363 1723 392 1769 ut
403 1717 525 1770 hostes'
499 1727 552 1771 vrct
553 1717 569 1781 i,
542 1717 626 1771 tsed
637 1725 666 1771 ut
677 1715 780 1790 fugitivi
792 1716 930 1780 servios-

124 1798 266 1861 pesserent.
297 1790 455 1861 Quicunque
468 1792 526 1862 capi
540 1798 689 1862 potuerunt,
702 1759 830 1862 supplicia
841 1792 929 1844 cruci-

124 1867 176 1920 bus
188 1865 302 1920 luerunt.
314 1863 436 1918 Mulieres
447 1883 554 1937 quoque
564 1865 632 1920 male
641 1867 693 1921 sibi
702 1865 819 1920 consciae
828 1866 970 1936 partim

124 1939 193 1995 ferro
207 1940 302 2011 partim
315 1939 458 2010 suspendio
468 1940 548 1994 vitam
563 1941 697 1995 finierunt.
727 1942 788 1994 Post
800 1940 864 1994 haec
874 1958 929 2011 pax

124 2015 196 2087 apud
210 2013 321 2088 Scythas
334 2012 384 2068 tuit
397 2027 483 2086 usque
500 2023 616 2086 tempora
630 2016 732 2090 bncyri
748 2015 824 2087 regis.
859 2015 930 2069 Huic

125 2091 219 2146 Darius
229 2107 276 2145 rex
286 2091 434 2153 Persarum,
442 2091 510 2144 sicut
519 2109 598 2161 supra
609 2090 708 2144 dictum
719 2097 766 2152 est,
778 2107 864 2160 quum
875 2090 931 2144 fiti-

124 2184 155 2220 ae
169 2167 225 2220 eius
240 2165 346 2236 nuptias
360 2182 412 2219 non
426 2165 590 2229 obtinuisset,
610 2165 708 2220 bellum
723 2163 825 2218 intulit:
847 2172 873 2218 et
885 2183 931 2218 ar-

125 2241 202 2295 matis
215 2240 387 2312 septingentis
396 2239 515 2294 millibus
528 2240 668 2294 hominum
678 2237 812 2312 Scythiam
824 2238 933 2312 ingres-

124 2333 180 2380 sus,
196 2332 249 2368 non
264 2313 418 2369 iacientibus
432 2314 553 2368 hostibus
571 2332 675 2386 pugnae
687 2322 854 2385 potestatem,
872 2331 934 2368 me-

124 2397 210 2452 tuens,
224 2405 265 2451 ne,
260 2389 422 2474 interrupto
432 2396 509 2458 ponte
519 2389 586 2448 istri.
598 2389 696 2442 reditus
706 2388 757 2442 sibi
769 2387 935 2443 interclude-

124 2468 204 2525 retur,
213 2462 318 2514 amissis
328 2461 933 2536 octogintamillihushominumtrepidusreiu-

124 2533 176 2601 git:
198 2551 266 2603 quae
276 2535 383 2601 lactura
397 2537 547 2591 abundante
556 2537 739 2603 muitrtndme
752 2537 819 2592 mter
829 2537 931 2594 damna
1002 2553 1003 2594 1

125 2613 259 2658 numerata
270 2625 323 2661 non
334 2617 381 2663 est
411 2608 474 2664 Inde
484 2611 574 2665 hsram
587 2612 797 2667 etMacodomam
808 2611 929 2669 domuit:
1002 2639 1003 2648 ι

124 2674 200 2727 Ionas
215 2694 321 2749 quoque
334 2683 422 2738 navali
441 2685 539 2754 proelio
554 2695 668 2757 superat.
699 2687 798 2742 Deinde
811 2689 930 2763 cognito,
