1998 3006
308 169 378 215 nra.
397 171 453 216 ΧΠ.
479 171 559 216 cnr.
583 171 606 216 9.
622 139 670 216 lo.
845 165 894 217 rot

147 267 212 323 Cara
227 267 274 322 IX.
295 269 359 324 Inde
368 269 516 325 Alexander
527 270 560 324 ad
570 288 675 324 amnem
686 270 824 325 Acesinem
833 289 894 342 per-

97 342 145 416 git:
167 360 213 413 per
232 343 354 399 hunc'in
376 345 511 400 Oceanum
531 345 676 400 devehitur.
709 346 749 400 lbi
768 347 894 401 Acesines

97 417 229 489 Sibosque,
245 436 313 489 quos
323 420 446 474 Hercules
456 419 892 492 condidit,indeditionemaccepit

98 493 159 546 llinc
173 493 200 546 iu
211 493 304 548 Mallos
314 503 339 548 et
348 494 500 567 Oxydracas
511 495 629 568 navigat:
651 512 720 566 quae
729 504 819 568 gentes
831 513 894 550 eum
917 553 919 556 ,

97 567 197 621 armatis
211 570 342 642 octoginta
356 569 476 624 millibus
491 569 610 639 peditum
624 575 649 622 et
662 571 798 642 sexaginta
812 571 896 624 milli·

96 641 145 696 bus
165 643 285 713 equitum
308 644 451 714 excipiunt.
483 643 573 709 Quurn
594 643 693 715 proelio
712 645 795 699 victor
815 651 892 710 esset,

96 717 234 770 exercitum
254 718 288 772 ad
306 719 401 773 urbem
418 735 510 773 eorum
519 718 603 776 ducit.
633 718 718 783 Quam
734 718 863 773 desertam
879 721 895 772 a

95 789 272 846 defensoribus
293 794 430 864 quamde
450 809 535 858 muro,
557 809 638 863 quem
657 793 762 864 primus
783 800 893 864 ceperat,

94 866 325 932 animadvertisset,
346 869 374 922 in
396 867 476 922 urbis'
491 867 627 939 planitiem
646 867 703 921 sine
724 866 777 921 ullo
787 867 896 922 satellite

94 941 198 996 desiliit.
219 944 310 1013 ltaque
320 961 406 1014 quum
419 960 481 996 eum
491 944 578 997 hostes
589 942 676 996 solum
686 942 893 1013 conspexissent,

93 1017 203 1072 clamore
216 1017 285 1070 edito
295 1017 415 1089 undique
424 1024 592 1081 concurrunt,
606 1017 629 1070 si
638 1017 740 1088 possint
751 1018 778 1071 in
789 1035 843 1072 uno
853 1035 897 1071 ca-

94 1093 146 1164 pite
155 1091 225 1146 orbis
237 1090 306 1145 bella
319 1092 395 1146 linire
405 1099 430 1146 et
439 1092 565 1147 ultionem
578 1099 613 1145 tot
621 1091 821 1165 gentibusdare.
843 1094 897 1146 Neo
985 1113 986 1118 ¹

94 1166 183 1220 minus
201 1166 351 1220 Alexander
370 1174 518 1222 constanter
537 1167 634 1220 resistit
648 1175 673 1221 et
685 1185 757 1222 unus
768 1167 895 1222 adversus
985 1209 986 1212 ,

93 1249 129 1296 tot
140 1240 222 1295 millia
232 1240 384 1312 proeliatur.
415 1241 571 1296 Incredibile
582 1241 654 1296 dictu
667 1250 714 1306 est,
730 1249 760 1296 ut
769 1259 831 1296 euin
842 1259 896 1296 non
985 1239 986 1242 ’

93 1315 235 1372 multitudo
245 1316 370 1380 hostium,
383 1333 436 1370 non
446 1316 488 1371 vis
503 1333 599 1388 magna
609 1316 733 1381 telorum‚·
744 1335 796 1371 non
806 1323 897 1371 tantus

90 1390 275 1446 lacessentium
288 1391 385 1445 clamor
401 1391 534 1446 ternierit:
555 1390 627 1445 solus
638 1398 674 1444 tot
683 1390 767 1444 millia
776 1391 898 1445 ceciderit

90 1483 121 1520 ac
133 1463 274 1538 fugaverit.
295 1467 345 1520 Ubi
356 1483 418 1521 vero
426 1466 504 1520 obrui
516 1464 686 1520 multitudine
696 1483 725 1518 se
733 1465 809 1530 vidit,
822 1473 897 1518 trun-

88 1559 120 1596 co
135 1557 172 1604 se,
186 1541 301 1612 quitum
314 1547 419 1613 propter
430 1557 538 1594 murum
549 1540 643 1602 stabat,
658 1537 797 1612 applicuit:
818 1539 897 1593 cuins

87 1615 192 1671 auxilio
217 1623 290 1669 tutus
304 1634 389 1686 quum
409 1615 457 1670 diu
479 1631 574 1688 agmen
593 1613 770 1678 sustinuisset,
791 1613 897 1668 tandem
985 1661 986 1664 ,

86 1691 195 1764 cognito
208 1689 394 1761 periculosius
408 1691 487 1745 amici
504 1690 537 1743 ad
551 1705 613 1743 eum
628 1686 769 1742 desiliunt:
790 1705 824 1742 ox
836 1688 899 1759 qui·

85 1766 142 1821 bus
157 1765 236 1819 multi
251 1766 329 1829 caesi,
348 1765 533 1837 proeliumque
542 1763 642 1818 tamdiu
653 1779 749 1833 anceps
759 1761 818 1828 luit,
830 1779 899 1834 quo-

84 1841 123 1895 ad
136 1840 225 1894 omnis
239 1841 368 1894 exercitus
383 1840 467 1894 muris
481 1839 588 1893 deiectis
601 1839 629 1892 in
644 1837 775 1893 auxilium
785 1837 897 1894 veniret.

84 1917 118 1971 In
133 1932 165 1969 eo
179 1914 279 1987 proelio
294 1915 386 1988 sagitta
400 1915 452 1969 sub
466 1931 582 1968 mamma
599 1913 728 1978 traiectus,
740 1931 824 1985 quum
836 1931 898 1967 san-

81 1990 182 2064 guinis
201 1988 277 2045 lluxu
292 1989 420 2054 deficeret,
440 2007 512 2064 genu
529 1989 613 2060 posito
627 1988 740 2042 tamdiu
756 1987 899 2059 proeliatus

79 2073 136 2130 est,
149 2063 234 2118 donec
243 2082 315 2130 euni,
328 2083 342 2118 a
353 2083 407 2136 quo
417 2062 671 2128 vulneratusluerat,
682 2063 819 2117 occideret.
845 2061 901 2117 Cub

81 2140 154 2196 ratio
165 2139 286 2194 vulneris
298 2139 405 2212 gravior
415 2139 473 2210 ipso
483 2139 593 2193 vulnere
603 2137 662 2192 fuit.

143 2215 216 2270 Car.
238 2215 272 2270 X.
293 2217 384 2286 ltaque
398 2231 432 2268 ex
445 2231 542 2286 magna
552 2211 730 2284 desperatione
740 2209 847 2265 tandem
857 2227 900 2266 sa-

80 2290 135 2346 luti
160 2289 282 2344 redditus
297 2287 504 2362 Polyperchonte
519 2305 580 2348 cum
597 2287 712 2342 exercitu
725 2285 899 2360 Babyloniam

80 2365 184 2420 mittit:
208 2365 264 2436 ipse
280 2381 341 2420 curn
364 2363 505 2418 lectissima
522 2380 604 2417 manu
620 2361 736 2416 navibus
749 2362 899 2416 conscensis

76 2440 187 2496 Oceani
202 2439 278 2495 litora
292 2447 423 2512 peragrat.
456 2437 545 2504 Quum
556 2436 672 2491 venisset
682 2437 715 2490 ad
729 2437 824 2491 urbem
835 2435 901 2489 Am-

75 2515 172 2590 bigeri
189 2515 270 2589 regis,
286 2513 557 2586 oppidani-invictum
567 2511 634 2566 ferro
644 2511 779 2565 audientes
792 2509 899 2580 sagittas

74 2607 192 2646 veneno
207 2597 324 2645 armant:
337 2596 415 2661 atque
424 2589 460 2642 ita
470 2587 577 2660 gemino
588 2582 899 2661 mortisvuluerehostem

69 2683 90 2721 a
108 2667 206 2722 muris
216 2665 405 2722 submoventes
413 2663 544 2735 plurimos
554 2659 725 2715 interficiunt.
758 2655 847 2730 Quum
857 2665 900 2701 ων
