2022 3010
121 191 137 244 d
358 194 509 240 IUSTINI
527 193 684 240 HISTOR.

121 296 179 350 vice
197 293 273 348 bituri
280 292 327 348 ine
346 293 505 347 interstratc:
531 311 599 364 quae
619 293 725 347 materia
746 290 842 346 inillis
859 289 919 344 locis

121 369 220 440 passim
231 376 322 422 eterra
335 375 477 422 exaestuat.
508 367 590 422 Multa
605 375 629 420 et
639 367 689 422 alia
699 365 828 438 praeclara
839 365 919 419 huius

121 443 227 516 reginae
242 441 327 497 fuere:
349 441 496 513 siquidem,
512 459 565 496 uon
580 450 699 496 contenta
713 441 853 512 acquisitos
864 440 920 494 viro

121 518 247 570 terminos
266 517 347 580 tueri,
369 517 534 586 Aethiopiam
558 534 665 587 quoque
688 516 798 586 imperio
817 514 918 568 adiecit.

121 591 173 646 Sed
187 589 212 644 dt
226 591 316 644 Indiae
331 589 431 644 bellum
449 590 550 657 intulit;¹
572 608 626 662 quc
636 598 735 661 praeter
744 589 817 643 iiiam
828 597 852 642 et
862 588 920 642 Aie-

121 665 394 738 xandrum'magnum
405 682 482 719 nemo
491 666 606 720 intravit.
621 665 661 718 Ad
669 672 919 736 postremumquum

122 741 292 794 concubitum
303 739 352 794 filii
362 739 475 810 petisset,
489 739 622 794 abeodem
634 738 822 802 interfectaest,
835 739 921 792 ducet

123 815 298 888 quadraginta
307 833 389 870 annos
399 823 458 884 post
464 815 562 868 Ninum
574 831 655 886 reguo
664 814 754 884 potita.
769 813 854 867 Filius
865 813 921 866 cius

123 891 219 962 Ninya,
237 897 373 943 contentus
388 889 518 944 elaborato
532 907 546 942 a
561 889 715 960 parentibus
728 888 847 959 imperio,
859 886 922 940 belii

123 965 209 1017 studia
222 963 350 1034 deposuit,
368 970 393 1016 et
409 962 490 1018 veluti
505 981 599 1018 sexum
614 981 676 1018 cum
691 971 773 1017 matre
786 967 920 1025 mutasset,

123 1055 181 1094 raro
196 1055 210 1091 a
225 1037 289 1091 viris
303 1038 386 1104 visus,
402 1037 430 1092 in
442 1037 600 1092 seminarum
610 1039 687 1094 turba
702 1037 845 1092 consenuit.
875 1038 924 1090 Po-

123 1113 185 1166 steri
195 1113 378 1184 quoque'eiuS,
395 1112 423 1166 id
433 1113 585 1183 exemplum
599 1113 689 1176 secuti,
705 1129 828 1183 responsa
837 1112 924 1184 genti-

123 1189 174 1241 bus
191 1205 236 1258 per
250 1187 423 1242 internuntios
438 1187 544 1241 dabant.
575 1187 718 1257 Imperium
737 1186 854 1260 Assyrii,
875 1185 924 1258 qui

123 1271 211 1332 postea
222 1261 282 1336 Syri
294 1262 356 1316 dicti
369 1269 439 1325 sunt,
453 1261 525 1315 milia
534 1262 654 1315 trecentis
663 1261 740 1315 annis
751 1269 866 1316 tenuere.

179 1336 247 1390 Car.
268 1338 313 1390 ΙΙΙ.
334 1338 483 1391 Postremus
496 1336 567 1405 apud
577 1353 620 1390 eos
631 1337 751 1409 regnavit
761 1335 927 1407 Sardanapa-

124 1410 175 1474 lus,
191 1411 232 1464 vir
244 1409 355 1464 muliere
367 1411 521 1481 corruptior.
551 1409 593 1464 Ad
602 1411 674 1464 hunc
684 1410 829 1466 videndum
843 1409 927 1482 (quod

124 1485 225 1540 nemini
240 1493 298 1539 ante
312 1502 373 1539 eum
387 1485 548 1556 permissum
562 1483 654 1558 fuerat)
669 1485 813 1556 praefectus
828 1485 924 1555 ipsius,

123 1559 207 1615 Medis
226 1561 398 1632 praepositus,
423 1561 530 1614 nomine
549 1559 691 1624 Arbactus,
718 1577 804 1632 quum
823 1559 926 1614 admitti

124 1653 221 1707 magna
235 1636 378 1689 ambitione
393 1653 468 1708 aegra
482 1635 648 1700 obtinuisset,
665 1635 767 1688 invenit
780 1651 842 1688 eum
859 1635 929 1689 inter

124 1717 268 1762 scortorum
287 1727 380 1782 greges
399 1727 543 1780 purpuram
556 1709 611 1764 coio
626 1717 744 1773 nentem,
763 1716 787 1762 et
801 1708 928 1763 muliebri

124 1783 230 1846 habitu,
254 1800 340 1852 quum
360 1783 469 1837 mollitia
490 1785 606 1854 corporis
626 1792 651 1837 et
668 1783 805 1838 oculorum
819 1783 927 1838 lascivia

124 1874 215 1911 omnes
225 1855 335 1911 feminas
346 1857 462 1922 anteiret,
468 1875 549 1928 pensa
561 1860 627 1912 inter
632 1858 749 1931 virgines
759 1859 926 1929 partientem.

124 1929 228 1996 Quibus
245 1931 322 1996 vicie,
339 1931 492 2004 indignatus
507 1932 551 1986 tali
565 1931 677 1986 feminae
691 1941 793 1987 tantum
806 1933 927 1988 virorum

124 2006 281 2070 subiectum,
298 2007 471 2078 tractantique
486 2006 584 2071 lanam,
597 2007 696 2062 serrum
706 2015 731 2072 et
743 2026 815 2062 arma
825 2007 931 2062 baben-

123 2088 161 2134 tes
176 2097 278 2152 parere,
299 2097 453 2154 progressus
472 2081 506 2136 ad
524 2083 703 2155 socim,q11id
722 2083 817 2138 viderit
834 2081 928 2138 refert:

124 2164 201 2229 negat
220 2173 249 2210 se
267 2155 291 2210 ei
309 2174 400 2227 parere
418 2174 503 2227 posse,
524 2158 571 2228 qui
589 2176 617 2211 sc
631 2157 755 2212 seminam
770 2157 844 2211 malit
857 2175 928 2223 esse,

123 2231 311 2300 quamvirum.
335 2231 397 2286 Fiti
417 2232 469 2286 itur
479 2233 637 2286 coniuratio:
652 2232 752 2286 bellum
762 2231 932 2302 Sardanapa-

123 2304 149 2357 lo
159 2303 279 2358 infertur.
310 2305 368 2371 Quo
377 2249 422 2360 ilie
431 2305 529 2371 audite,
543 2325 605 2370 uon,
616 2314 646 2361 ut
655 2308 827 2380 vir,rcgnum
837 2305 934 2360 deien-

123 2395 212 2442 surus,
225 2379 280 2442 sed,
293 2388 323 2432 ut
332 2389 404 2435 metu
415 2381 505 2436 mortis
516 2381 639 2436 mulieres
653 2382 745 2445 soient,
763 2381 849 2452 primo
863 2378 934 2434 late-

122 2448 184 2531 bras
195 2451 385 2522 circumspicit:
407 2473 470 2508 mcx
480 2455 574 2510 deinde
584 2473 645 2510 cum
655 2456 747 2528 paucis
757 2463 782 2509 et
792 2456 935 2526 incompo-

123 2527 180 2572 sitis
191 2523 217 2576 in
228 2524 328 2579 bellum
337 2529 512 2600 progreditur.
533 2531 624 2584 Victus
637 2531 664 2584 in
676 2530 775 2603 regiam
786 2547 814 2584 se
823 2530 932 2600 recipit,

122 2597 285 2674 etexstructa
302 2599 462 2672 incensaque
472 2621 537 2675 pyra
548 2612 572 2657 et
582 2623 610 2657 se
619 2613 643 2658 et
656 2605 762 2658 divitias
773 2622 835 2658 suas
846 2604 873 2658 iu
888 2605 936 2660 iu-

122 2661 245 2718 cendium
267 2671 359 2736 mittit,
381 2675 429 2727 hoc
449 2676 503 2729 scio
518 2677 635 2732 imitatus
649 2679 749 2733 virum.
779 2679 841 2732 Post
854 2677 938 2738 hunc

919 2873 933 2914 Ι,

903 2935 925 2994 ¹i
