2044 3028
325 191 395 236 LIB.
415 192 495 238 XXV.
525 193 605 239 CAP.
627 195 651 240 1.
843 191 892 242 ⁴85

98 289 218 364 grandine
237 296 262 344 et
281 287 378 363 frigore
395 293 497 346 saucios
520 310 553 346 ex
574 292 731 348 vulneribus
750 293 890 348 absumsit.

97 367 150 419 Dux
164 365 220 436 ipse
234 366 354 419 Brennus
369 383 454 438 quum
470 366 584 421 dolorem
601 367 742 422 vulnerum
758 367 824 422 lerre'
838 387 889 423 non

97 447 184 510 posset,
196 440 311 512 pugione
322 441 403 494 vitam
414 441 510 495 linivit.
541 441 612 496 Alter
621 461 654 496 ex
664 443 777 496 ducibus
790 445 891 514 punitis

97 513 152 568 belli
169 515 320 568 auctoribus
336 531 397 568 cum
413 515 501 570 decem
516 516 636 570 millibus
651 517 800 571 sauciorum
815 519 892 574 citato

96 589 196 662 agmine
206 589 313 643 Graecia
332 591 442 644 excedit.
472 590 522 644 Sed
540 608 587 644 nec
606 591 768 664 fugientibus
789 591 890 646 fortuna

95 664 250 718 commodior
261 663 322 718 luit:
344 665 477 736 siquidem
490 666 594 736 pavidis
605 665 677 719 nulla
691 666 742 718 sub
756 667 827 720 tectis
836 676 891 720 acta

95 756 153 802 nox,
165 738 257 792 nullus
266 738 323 792 sine
333 738 421 793 labore
430 747 454 792 et
464 739 579 810 periculo
589 740 658 806 dies;
677 740 782 794 adsidui
793 741 892 794 imbres

94 821 118 867 ct
129 813 189 886 gelu
205 813 252 867 nix
270 823 386 868 concreta
402 821 426 868 et
440 813 521 868 fames
536 823 561 867 et
571 813 697 867 lassitudo
706 821 730 867 et
739 831 818 885 snper
829 815 893 868 hace

93 888 239 942 maximum
254 887 408 960 pervigiliae
422 887 523 942 malum
533 888 642 942 miseras
657 887 767 941 infelicis
780 888 842 942 belli
852 906 893 942 re-

93 962 187 1034 liquias
202 962 363 1018 obterebant.
398 961 494 1018 Gentes
514 980 620 1034 quoque
642 964 824 1034 nationesque,
846 981 892 1034 per

92 1055 157 1109 quas
168 1037 215 1090 iter
224 1037 364 1100 hebebant,
373 1037 489 1108 palantes
501 1037 574 1092 velut
583 1038 704 1108 praedam
716 1039 890 1092 sectabantur.

92 1113 149 1178 Quo
163 1119 238 1183 pacto
251 1111 347 1175 evenit,
360 1120 389 1165 nt
400 1128 476 1166 nemo
486 1129 519 1166 ex
531 1121 600 1166 tanto
610 1113 734 1177 exercito,
745 1113 792 1184 qui
804 1111 894 1184 paullo

92 1195 149 1241 ante
169 1187 266 1241 fiducia
283 1186 379 1247 virium
400 1187 477 1240 etiam
498 1186 624 1242 adversus
638 1188 699 1241 deos
712 1188 892 1252 contendebat,

92 1262 131 1316 vel
144 1261 178 1316 ed
188 1261 343 1316 memoriam
353 1268 438 1315 tantae
448 1260 529 1315 cladis
544 1269 699 1334 superesset.

391 1425 593 1454 ψ-

309 1607 508 1668 LIBER
554 1607 674 1664 XXV.

393 1731 597 1756 ====

84 1817 133 1855 AR
141 1819 168 1854 G.
191 1819 241 1866 Cap.
263 1818 280 1854 l.
296 1820 315 1853 2.
336 1817 441 1855 Gallorum
461 1813 560 1866 reliquiae
578 1814 600 1853 irr
616 1813 756 1852 Macedoniam
772 1813 896 1862 irrumpunt.

133 1885 155 1918 3.
165 1880 256 1928 Pyrrhus
264 1880 406 1917 Macedoniam
420 1885 510 1928 occupat.
530 1882 551 1916 4.
560 1881 579 1916 5.
592 1879 643 1916 Eius
654 1885 722 1915 eontra
735 1881 843 1926 Spartanos
851 1876 895 1913 lacl-

135 1944 180 1981 tum
188 1949 208 1979 et
218 1943 272 1991 apud
280 1942 346 1990 Argo·
354 1941 456 1980 interitus.

146 2016 224 2080 Car.
235 2025 257 2079 l.
276 2026 346 2079 lnter
355 2023 421 2079 duos
432 2042 515 2098 reges,
523 2023 686 2098 Antigonum
696 2022 896 2086 etdntioohum,

83 2107 186 2154 statute
197 2097 268 2170 pace,
277 2117 363 2170 quum
375 2100 402 2153 in
413 2099 590 2154 Macedoniam
597 2101 746 2172 Antigonus
757 2105 897 2151 revertere-

82 2184 140 2239 tur,
161 2191 247 2229 novus
267 2173 353 2228 eidem
373 2182 477 2246 repente
496 2175 580 2228 hostis
594 2183 700 2228 exortus
714 2180 761 2226 est.
792 2171 897 2242 Quippe

83 2249 171 2313 Galli,
184 2249 231 2322 qui
243 2267 257 2302 a
267 2250 371 2303 Bienno
380 2249 457 2314 duee,
467 2267 553 2320 quum
564 2250 591 2302 in
603 2247 737 2302 Graeciam
748 2245 898 2317 proficisce-

81 2332 172 2387 retur,
188 2324 221 2378 ad
232 2324 357 2378 terminos
366 2324 452 2397 gentis
464 2323 575 2378 tuendos
585 2321 666 2377 relicti
676 2321 786 2386 lucrant,
804 2339 837 2375 ne
847 2319 896 2374 soli

82 2398 195 2452 desides
207 2397 367 2463 viderentur,
380 2399 497 2470 peditum
508 2397 660 2470 quindecim
671 2396 763 2461 millia,
774 2396 897 2467 equitum

81 2474 143 2528 tria
156 2473 240 2526 millia
256 2483 438 2540 armaverunt,
462 2473 611 2546 fugatisque
624 2471 749 2527 Getarum
768 2469 899 2524 Triballo-

80 2565 208 2619 rumque
217 2546 470 2618 oopiisMacedoniae
479 2548 654 2611 imminentes,
662 2547 758 2620 legatos
770 2544 802 2598 ad
808 2559 897 2624 regem

80 2622 232 2687 miserunt,
245 2623 291 2693 qui
302 2640 393 2694 pacem
404 2624 428 2677 ei
437 2622 556 2678 venalem
567 2617 783 2685 offerrent,simul
793 2623 821 2698 et
827 2629 898 2684 regis

80 2705 177 2752 castra
191 2697 399 2769 specularentur.
432 2697 504 2764 Quos
518 2697 667 2770 Antigonus
680 2710 728 2766 pro
742 2686 823 2761 regali
836 2701 900 2739 mu-
