2014 3000
101 146 134 198 et
338 150 488 194 iussim
505 127 660 194 amnon.

101 269 188 322 quum
198 268 244 321 per
254 257 379 304 tormenta
392 249 508 303 conscios
518 249 605 302 caedis
615 234 750 302 nominare
758 255 903 321 cogeretur,

101 342 192 380 omnes
208 324 306 378 amicos
322 324 426 398 tyranni
444 324 599 379 nominavit.
634 321 737 388 Quibus
751 322 903 388 interfectis,

101 399 236 471 quaerenti
247 406 368 472 tyraun0,
386 416 419 453 an
430 399 517 452 adhuc
527 397 610 469 aliqui
621 397 717 451 conscii
726 405 826 452 esseut:
857 416 905 452 ne-

101 475 201 528 minem
212 474 247 528 ait
257 491 402 544 superesse,
414 491 495 544 quem
506 473 621 543 amplius
632 472 697 526 mori
708 471 808 544 gestiat,
820 490 904 543 quarn

102 549 189 619 ipsum
201 557 354 621 tyrannum.
362 547 418 614 Qua
426 565 486 602 voce
495 547 647 602 eiusdemse
656 547 904 619 tyrannivictorem,

101 630 159 693 post
169 623 312 678 vindictam
327 623 468 694 pudicitiae
480 621 584 686 sororiS,
601 621 723 677 ostendit.
753 622 839 674 Huius
849 623 905 674 vir-

102 705 158 751 tute
180 716 267 769 quum
288 698 421 752 admonita
440 698 532 751 civitas
548 695 673 750 libertatis
690 703 770 760 esset,
797 697 904 750 tandem

101 771 210 843 Hippias
221 791 302 846 regno
312 773 414 844 pulsus,
428 772 455 826 in
465 771 589 826 exsilium
600 771 699 842 agitur:
715 770 762 842 qui
772 770 905 840 profectus

101 847 128 901 in
141 849 241 912 Persae,
258 848 351 902 ducem
362 865 390 900 se
401 847 484 912 Dario,
503 845 623 900 inferenti
633 845 839 899 Atheniensibus
847 845 906 900 bel-

101 921 169 987 lum,
192 923 270 977 sicuti
290 939 369 992 supra
388 921 566 992 significatum
581 927 627 984 est,
649 919 776 973 adversus
790 920 903 990 patriam

101 1014 178 1050 suam
188 997 267 1050 ollert.
283 1009 285 1012 ·
300 996 383 1068 Igitur
396 996 576 1059 Athenienses,
593 994 682 1049 audito
691 994 762 1048 Darii
776 994 903 1059 adventu,

101 1070 232 1124 auxilium
247 1089 261 1124 a
281 1070 506 1134 Lacedaemoniis,
521 1070 589 1124 socia
604 1076 661 1122 tum
676 1069 788 1133 civitate,
804 1069 905 1139 petive-

101 1153 173 1199 runt.
203 1145 284 1210 ‘Quos
308 1144 355 1198 ubi
375 1145 497 1198 viderunt
514 1143 649 1216 quatridui
670 1144 751 1198 teneri
766 1143 902 1216 religione,

101 1237 153 1273 non
168 1226 315 1290 exspectato
332 1219 439 1284 auxilio,
457 1220 589 1274 instructis
604 1218 692 1272 decern
707 1217 827 1272 millibus
837 1219 906 1274 civi-

101 1311 157 1358 um,
174 1302 200 1348 et
215 1293 410 1349 Plataeensihus
425 1293 599 1348 auxiliaribus
613 1293 694 1358 mille,
705 1293 832 1347 adversus
842 1311 906 1348 sex-

100 1375 174 1422 centa
187 1368 271 1423 millia
281 1369 407 1432 hostium,
423 1369 449 1422 in
465 1385 571 1439 campos
580 1368 755 1423 Marathonios
769 1368 797 1422 in
807 1368 907 1439 proeli-

100 1461 147 1498 um
157 1442 339 1516 egrediuntur.
369 1442 498 1498 Miltiades
511 1451 536 1496 et
549 1443 605 1497 dux
620 1443 682 1497 belli
695 1450 762 1506 erat,
776 1450 801 1497 et
813 1451 906 1498 auctor

101 1536 154 1574 non
171 1519 339 1590 exspectandi
357 1518 464 1584 auxilii3
490 1535 570 1589 quem
585 1525 655 1573 tanta
676 1517 771 1571 fiducia
789 1527 903 1588 ceperat,

102 1593 205 1663 utplus
219 1593 344 1664 praesidii
361 1593 389 1648 in
403 1593 539 1656 eeleritate,
554 1609 635 1664 quam
646 1593 674 1647 in
685 1592 770 1657 sociis,
786 1592 904 1648 duceret.

100 1667 907 1740 Magnaigiturinpugnameuntibusalacritasauimorumfu-

100 1742 129 1805 it,
136 1741 200 1795 adeo
208 1749 332 1812 ut,quum
343 1742 516 1813 millepassus
523 1743 590 1796 inter
597 1742 663 1796 duas
670 1741 906 1807 aciesessent,cita-

101 1825 126 1869 to
134 1832 213 1874 cursu
221 1824 280 1870 ante
288 1817 385 1870 iactum
394 1817 548 1888 sagittarum
559 1817 592 1871 ad
602 1817 702 1870 hostem
710 1818 838 1870 venerint.
851 1819 909 1872 Nec

99 1889 223 1944 audaciae
233 1891 290 1944 eius
300 1899 409 1946 eventus
422 1890 517 1946 deluit:
539 1898 687 1964 pugnatum
700 1899 738 1945 est
750 1891 822 1946 enim
834 1900 906 1948 tanta

101 1965 205 2029 virtute,
212 1972 241 2019 ut
250 1965 313 2020 hinc
322 1967 401 2030 viros,
414 1965 476 2019 inde
485 1965 598 2036 pecudes
608 1973 723 2037 putares.
739 1967 805 2022 Victi
812 1969 909 2022 Persae

100 2041 128 2094 in
149 2057 229 2095 naves
248 2039 437 2114 confugerunt;
465 2042 611 2112 exquibus
625 2040 722 2095 multae
736 2059 906 2112 suppressae,

100 2115 198 2170 multae
211 2123 300 2188 captae
313 2125 385 2171 sunt.
417 2117 447 2170 ln
460 2133 489 2170 eo
500 2116 597 2186 proelio
608 2123 677 2170 tanta
690 2115 773 2170 virtus
783 2117 909 2189 singulo-

100 2208 161 2244 rum
176 2190 234 2256 luit,
253 2199 290 2254 ut,
307 2192 384 2246 cuius
399 2190 457 2250 laus
469 2191 554 2261 prima
567 2198 643 2254 esset,
657 2190 763 2246 difficile
773 2191 908 2246 iudicium

101 2265 242 2323 videretur.
277 2268 346 2320 Inter
355 2275 451 2320 eeteros
462 2274 548 2320 tamen
560 2265 740 2320 Themistoclis
754 2265 910 2322 adolescen-

100 2339 133 2390 tis
146 2338 229 2410 gloria
244 2341 360 2405 emicuit,
378 2341 404 2395 in
420 2357 474 2412 quo
489 2340 541 2394 iarn
552 2349 615 2394 tuuc
625 2340 725 2394 indoles
735 2340 838 2395 futurae
852 2341 911 2396 im-

100 2413 242 2478 peratoriae
256 2413 391 2486 dignitatis
406 2417 537 2485 apparuit.
568 2414 708 2488 Cynaegiri
722 2433 838 2487 quoque,
853 2419 913 2472 mi-

100 2483 153 2535 litis
173 2485 354 2551 Atheniensis,
376 2489 459 2561 gloria
481 2490 587 2562 magnis
606 2489 762 2560 scriptorum
779 2490 912 2548 laudibus

99 2554 226 2636 celebrata
237 2566 288 2626 est3
310 2563 358 2632 qui
368 2572 427 2632 post
440 2564 532 2633 proelii
544 2565 697 2618 innumeras
707 2565 806 2629 caedes,
818 2584 911 2637 quum

97 2623 229 2694 fugientes
242 2631 330 2688 hostes
344 2636 378 2689 ad
392 2654 473 2693 naves
486 2638 590 2709 egisset,
601 2647 724 2695 onustam
734 2659 829 2698 navem
840 2641 915 2698 dex-
