2016 3028
287 201 357 246 ΜΒ.
378 201 485 248 XXXV.
506 203 584 250 cAP.
606 204 632 248 1.
814 197 865 250 225

261 391 458 449 LIBER
504 393 667 450 XXXV.

352 515 570 544 m

54 600 77 635 A
83 599 102 636 12
109 600 137 636 G.
151 600 201 646 Cep.
212 603 231 636 1.
239 597 354 636 Demetrius
364 601 429 637 Soter.
446 604 467 637 2.
474 601 592 638 Demetrius
601 601 687 639 Nicator
696 606 764 638 centn
772 600 864 638 Alexan.

390 663 448 700 dmin
456 664 534 702 sunm.

105 736 193 820 'Cim
213 747 236 801 1.
256 745 403 800 Demetrius
418 753 544 818 occupato
557 745 649 820 Syriae
662 761 742 820 regno
756 745 865 800 novitati

54 837 122 876 suae
144 820 229 874 otium
248 819 427 892 periculosum
447 828 519 875 ratus
534 820 661 892 ampliare
676 820 741 875 lines
755 820 866 893 regniet

53 912 120 967 opes
131 911 228 968 augere
237 895 410 950 finitimorum
421 893 497 949 bellis
507 895 607 949 statuit.
628 893 863 966 ltaqueAriarathi,

55 970 113 1044 regi
131 968 318 1042 Cappadociae,
334 977 439 1041 propter
452 968 580 1024 fastiditas
595 969 691 1024 sororis
707 969 813 1040 nuptias
823 969 867 1023 in-

56 1043 143 1099 tectus
156 1042 263 1098 fratrem
277 1044 335 1099 eius
350 1043 502 1099 Oroiernem
517 1061 564 1116 per
578 1043 703 1099 iniuriam
713 1061 795 1118 regno
804 1042 867 1116 pul-

3 1125 4 1128 ’
56 1135 120 1174 sum
139 1118 283 1190 supplicem
299 1119 407 1190 recepit3
429 1118 575 1191 datumque
588 1119 640 1174 'sibi
650 1119 791 1174 honestum
801 1117 866 1173 belli

56 1193 168 1248 titulum
188 1193 335 1266 gratulatus
355 1193 489 1248 restituere
508 1211 570 1249 eum
592 1194 620 1248 in
635 1211 747 1268 regnum
763 1193 863 1248 statuit.

56 1268 110 1323 Sed
126 1266 265 1322 Orolernss
280 1267 384 1340 ingrato
398 1267 487 1323 animo
496 1269 560 1322 inita
570 1285 632 1323 oum
643 1269 866 1324 Antiochensibus
888 1283 891 1303 ¹

56 1343 187 1414 pastione,
209 1341 315 1397 offensis
335 1351 398 1396 tunc
406 1343 543 1408 Demetrio,
561 1343 656 1414 pellere
670 1344 759 1415 ipsum
773 1360 864 1418 regno,

56 1437 70 1472 a
86 1433 145 1491 quo
159 1417 352 1482 restituebatur,
368 1416 509 1472 consilium
525 1418 601 1490 cepit.
632 1418 691 1484 Quo
706 1418 867 1492 cognithe-

57 1492 172 1548 mettius
186 1491 254 1547 vitae
267 1492 376 1564 quidem
389 1490 457 1558 eius,
472 1510 506 1547 ne
517 1493 666 1548 Ariarathes
677 1500 748 1553 metu
759 1491 867 1547 fraterni

56 1567 123 1622 belli
144 1565 311 1632 liberaretur,
331 1567 459 1639 pepercit:
480 1568 568 1638 ipsum
588 1575 675 1622 eutem
696 1566 868 1637 comprehen-

57 1661 121 1697 sum
135 1641 255 1696 vinctum
264 1640 396 1698 Seleuciae
405 1641 530 1696 custodiri
541 1642 623 1696 iubet.
644 1639 868 1697 NecAntiochen·

58 1735 102 1772 ses
121 1715 220 1770 indicio
234 1717 316 1771 territi
330 1716 496 1772 adcisctione
505 1717 669 1772 destiterunt.
690 1713 868 1788 ltequeadiu-

58 1791 188 1848 vantibus
204 1797 230 1844 et
251 1790 405 1857 Ptolemaeo,
427 1809 488 1864 rege
506 1791 629 1864 Aegypti,
648 1798 674 1845 et
692 1789 786 1855 Attalo,
806 1807 868 1864 rege

58 1866 149 1929 Asiae,
161 1873 186 1919 et
195 1863 332 1921 Ariarathe
340 1865 528 1938 Cappadociae,
542 1865 611 1921 bello
620 1885 634 1920 a
643 1865 773 1921 Demetrio
785 1864 867 1920 laces-

57 1941 104 1996 siti
119 1939 266 1995 subornant
278 1958 327 2013 pro
340 1957 371 1996 eo
384 1939 475 1996 halam
484 1940 637 2012 quemdam,
649 1939 726 1996 sortis
735 1948 867 1996 extremae

58 2017 198 2080 iuvenem,
213 2015 262 2088 qni
276 2015 367 2090 Syriae
428 2033 493 2070 num
504 2014 577 2070 velut
586 2025 725 2088 paternum
735 2015 816 2071 armis
826 2033 867 2070 re-

58 2097 171 2163 peteret:
192 2096 217 2144 et
233 2107 267 2145 ne
282 2089 348 2162 quid
363 2107 411 2145 con
423 2089 535 2145 nmcliae
544 2089 653 2156 deesset,
668 2107 763 2146 nomen
773 2088 868 2145 eihlo-

59 2163 159 2220 xandri
184 2162 285 2219 inditur
299 2163 458 2238 genitusque
477 2164 511 2219 ab
531 2163 658 2220 Antiocho
677 2181 738 2238 rege
759 2163 865 2220 dicitur.

60 2241 177 2296 Tantum
197 2238 290 2294 odium
309 2239 431 2294 Demetrii
447 2239 519 2312 apud
531 2257 624 2294 omnes
638 2246 701 2305 erat,
719 2246 750 2293 nt
763 2238 867 2294 nemulo

60 2313 120 2369 eins
135 2330 188 2371 non
202 2313 273 2368 vires
286 2314 373 2388 regiae
386 2321 499 2380 tantum,
511 2314 693 2370 verumetiam
703 2315 807 2388 generis
820 2331 869 2370 no-

61 2387 151 2444 bilitas
173 2405 303 2446 consensu
317 2389 440 2445 omnium
453 2389 622 2446 tribueretur.
656 2389 868 2463 IgiturAlexan-

61 2463 118 2532 der,
133 2463 291 2538 *admirabih
311 2483 401 2520 rerum
419 2464 543 2521 varietate
561 2463 734 2537 pristinarum
747 2464 867 2518 sordium

61 2536 170 2604 oblitus,
186 2539 267 2606 totius
276 2538 358 2595 terme
367 2539 482 2595 Orientis
492 2539 595 2594 viribus
604 2539 753 2595 succinctus
765 2535 868 2592 bellum

61 2613 193 2668 Demetrio
203 2613 293 2683 iniert;
304 2613 459 2688 victumque
468 2613 522 2669 vita
531 2613 627 2686 pariter
636 2629 666 2670 ac
675 2629 756 2687 regno
765 2609 868 2684 spoliat

62 2687 234 2760 Quamquam
248 2706 296 2745 nec
313 2689 443 2746 Demetrio
457 2687 564 2744 animus
573 2689 601 2743 ln
611 2683 790 2760 propulsando
799 2683 869 2740 bello

101 2781 220 2836 lusimus.
682 2777 702 2830 P
