2014 3000
118 201 164 264 'co
374 217 502 262 rusam
520 215 675 261 arecon.
734 211 736 214 ’

130 318 164 374 ad
182 316 360 374 defensionem
370 318 467 388 patriae
476 323 618 372 arcessunt.
648 315 738 372 Occiso
750 317 822 370 enim
833 317 937 390 Lysan-

130 394 191 457 dro,
209 392 310 446 nullius
326 393 432 446 alterius
448 393 572 447 fiduciam
590 389 666 445 ducis
682 391 819 445 habehant.
850 392 936 446 Cuius

131 467 257 538 quoniam
277 485 351 522 serus
365 467 492 522 adventus
507 476 569 530 erat,
589 467 733 538 conscripto
749 467 875 531 exercitu,
888 468 936 521 ch-

131 542 203 596 riam
218 542 286 597 hosti
300 542 453 614 procedunt.
484 541 534 596 Sed
549 541 624 596 victis
642 540 768 594 adversus
780 541 862 613 paulo
876 551 936 597 ante

129 617 241 670 victores
264 633 312 670 nec
326 618 431 671 animus
449 635 535 688 neque
549 617 618 672 vires
636 633 711 686 pares
726 615 806 670 fuere.
846 618 935 672 Prima

131 690 212 764 igitur
222 693 405 764 congressione
415 691 572 746 funduntur.
602 690 696 744 Deletis
707 708 759 745 ram
770 708 881 746 suorum
892 709 936 747 co-

130 767 191 837 piis,
205 767 357 838 supervenit
366 785 412 820 rex
422 765 569 840 Agesilaus,
582 765 629 836 qui
639 767 755 820 restituto
765 767 873 837 proelio,
882 785 934 822 non

88 862 91 867 ·
131 840 280 905 difficulter,
293 842 387 895 recenti
401 849 425 894 et
438 841 529 894 multis
540 840 750 911 expeditionibus
756 841 878 896 indurato
884 842 935 896 mi-

131 915 184 980 lite,
205 916 326 971 hostibus
346 916 480 970 victoriam
500 915 608 986 eripuit3
636 916 692 986 ipse
712 924 798 969 tamen
818 917 935 988 graviter

130 991 270 1044 sauciatur.

186 1064 252 1118 Car.
271 1063 304 1118 V.
324 1063 428 1129 Quibus
438 1063 517 1116 rebus
527 1062 646 1136 cognitis,
658 1060 830 1116 Athenienses
841 1081 936 1119 veren-

130 1145 177 1202 tes,
195 1155 236 1203 ne,
254 1137 348 1191 iterum
363 1138 574 1192 Lacedaemoniis
590 1137 741 1202 victoribus,
755 1138 782 1192 in
793 1139 935 1208 pristinam

130 1219 226 1266 sortem
242 1212 376 1266 servitutis
394 1213 587 1284 redigerentur
605 1212 750 1266 exercitum
764 1213 933 1280 contrahunt,

130 1303 245 1357 eumque
259 1286 286 1340 in
298 1287 429 1340 auxilium
438 1286 602 1340 Boeotiorum
612 1303 658 1357 per
668 1285 832 1374 iphicratem,
845 1290 937 1362 vigin-

133 1363 150 1414 ti
171 1361 278 1433 quidem
299 1378 381 1416 annos
396 1371 497 1424 natum,
514 1361 561 1415 sed
571 1379 681 1434 magnae
691 1361 806 1416 rndohs
798 1380 934 1426 ruvenem

130 1436 190 1490 duci
211 1436 308 1490 iubent
343 1436 429 1491 Huius
448 1434 617 1490 adolescentis
629 1454 709 1507 supra
725 1446 834 1492 aetatem
850 1439 936 1494 virtus
1004 1483 1005 1492 ,

130 1511 294 1565 admirabilis
311 1509 374 1578 suit,
400 1527 579 1582 necunquam
599 1519 658 1565 ante
673 1529 734 1566 eum
748 1512 933 1580 Athenienses,
1004 1509 1005 1516 ’

130 1587 197 1640 inter
211 1594 247 1640 tot
263 1593 399 1658 tantosque
413 1585 501 1649 dirces,
522 1593 567 1640 aut
576 1587 633 1658 spei
647 1587 753 1640 maioris
772 1596 817 1642 aut
836 1587 936 1644 indolis

130 1661 279 1715 maturioris
295 1662 475 1732 imperatorem
494 1661 655 1730 hahuerunt,
677 1661 704 1715 in
721 1679 775 1732 quo
785 1680 838 1718 non
849 1661 936 1734 impe-

129 1737 238 1790 ratoriae
252 1744 363 1800 tantum,
381 1753 473 1790 verum
484 1744 508 1790 et
517 1737 640 1790 oratoriae
649 1743 716 1790 artes
727 1735 808 1798 suere.
842 1737 933 1793 Conon

129 1827 245 1880 quoque,
263 1810 352 1864 audito
369 1809 453 1864 reditu
468 1810 591 1882 Agesilai,
612 1818 636 1864 et
651 1810 752 1881 ipsoex
765 1811 828 1866 Asia
842 1813 876 1867 ad
889 1813 937 1867 de-

130 1883 293 1968 populandos
308 1883 571 1939 Lacedaemoniorum
585 1902 661 1958 agros
677 1887 826 1955 revertitur,
855 1896 936 1960 atque

129 1959 172 2020 ita,
184 1958 303 2029 undique
313 1958 518 2012 belliformrdrne
527 1959 756 2030 orreumstrepente
765 1961 937 2034 clauerpar

128 2032 183 2087 tani
197 2033 230 2087 ad
245 2051 378 2086 summam
395 2033 600 2104 desperationem
616 2034 781 2108 rediguntur.
812 2036 864 2090 Sed
885 2038 937 2093 Co-

128 2127 191 2176 non,
208 2108 315 2164 vastatis
329 2107 445 2162 hostium
463 2108 546 2172 terris,
562 2108 677 2163 Athenas
691 2111 790 2182 pergit:
811 2111 860 2165 ubi
876 2131 937 2167 ma-

127 2201 183 2269 gno
199 2184 298 2237 civium
316 2181 413 2256 gaudio
427 2191 559 2254 exceptus,
580 2182 641 2254 plus
652 2185 939 2258 tamentristitiaeipse

128 2277 161 2312 ex
176 2259 280 2314 incensa
296 2267 320 2312 et
334 2258 419 2312 diruta
436 2258 672 2312 aLacedaemoniis
682 2259 773 2344 patria,
786 2277 868 2332 quam
882 2262 939 2318 lae·

128 2332 197 2384 tiriae
207 2350 239 2384 ex
250 2341 397 2401 recuperata
407 2340 465 2404 post
476 2340 575 2386 tantum
586 2334 719 2404 temporis,
731 2335 808 2405 cepit.
830 2337 937 2408 Itaque,

128 2419 196 2472 quae
206 2404 312 2458 incensa
323 2404 434 2470 fuerant,
446 2407 601 2476 praedarum
613 2417 704 2462 sumtu
715 2417 740 2462 et
748 2411 865 2464 exercitu
871 2413 941 2467 Per

127 2473 433 2550 sarumrestituit:quae
445 2481 540 2544 diruta
552 2481 642 2537 refert
664 2483 758 2537 Fatum
770 2484 839 2538 ntnd
852 2487 940 2542 Athe-

128 2563 222 2600 narum
232 2547 291 2608 suit
304 2560 333 2603 ut
342 2562 402 2606 ante
415 2572 430 2607 a
441 2555 525 2608 Persis
536 2565 672 2620 crematae
688 2559 814 2613 manibus
825 2577 935 2625 eorum

126 2625 151 2667 et
165 2635 235 2672 nuno
248 2640 261 2674 a
274 2624 602 2696 Lacedaemoniisdirutae,
614 2649 648 2686 err
658 2632 750 2703 spoliis
759 2634 942 2692 Lacedaemo-

123 2687 240 2753 niorum,
252 2697 461 2767 restituerentur,
485 2707 753 2780 versaquoquevice,
768 2709 942 2767 nunchabe-
1004 2729 1005 2734 ’
