1998 3006
110 177 158 230 i8ll
348 179 496 226 IUSTINI
514 178 669 224 HISTOR.

62 284 67 292 “
107 281 366 354 frequenteroorpore
375 296 571 353 suopuerorum
580 295 686 348 corpora
697 277 846 350 amplexata
855 297 917 350 prc-

107 357 186 423 texit3
199 355 363 426 vulneraque
376 355 504 425 excipere,
517 371 585 426 queo
596 353 684 407 liberis
700 353 914 420 intendebantur,
986 373 987 416 1

107 431 201 486 voluit.
222 429 264 484 Ad
273 437 436 501 postremum
446 431 523 482 etiam
534 427 643 500 spoliata
653 427 917 482 funeribusfiliorum
986 427 987 436 ’

62 507 65 513 ’
107 505 188 564 scissa
208 511 280 558 veste
293 512 318 558 et
332 505 451 560 crinibus
465 503 564 574 sparsis
574 521 635 556 cum
645 502 750 557 duobus
761 503 917 558 servulisex
986 523 987 572 ᾗ

107 580 174 635 urbe
184 587 312 651 protracta
322 578 527 634 Samothraciam
538 578 565 632 in
575 577 700 632 exsilium
709 577 786 632 abiit:
799 579 917 632 comise-

108 655 170 721 rior,
183 651 639 726 quodmoricumfiliiseinonlicuit.
660 652 916 707 SednecPtolemaec
986 667 987 698 ἐ

110 729 195 786 inulta
206 729 302 784 scelera
312 729 431 784 luerunt:
445 729 545 800 quippe
555 727 607 782 diis
615 727 852 782 immortalibustot
857 746 917 800 per-
986 753 987 776 a

110 806 178 860 iuria
195 811 281 859 ettam
292 813 398 859 cruenta
409 802 547 876 parricidia
558 802 756 858 vindicantibus
770 802 847 857 brevi
857 810 917 874 post
986 823 987 830 ¹

111 899 125 934 a
141 879 226 934 Gallis
236 879 363 951 spoliatus
377 896 466 953 regno,
481 885 628 950 captusque
640 879 721 934 vitam
731 877 807 943 lerro,
820 885 851 932 ut
861 895 917 932 me-
986 889 987 926 1

109 961 205 1018 ruerat,
217 955 313 1008 amisit.
986 1021 987 1024 Ἴ

166 1029 233 1084 Car.
254 1029 296 1083 IV.
316 1029 438 1099 Namque
465 1026 534 1081 Galli
563 1025 709 1082 abundanti
732 1025 915 1094 multitudine,
986 1033 987 1066 ἓ

110 1121 197 1175 quum
211 1120 254 1156 eos
268 1119 320 1156 non
332 1108 452 1172 caperent
469 1109 559 1165 terrae,
572 1119 640 1172 quae
649 1109 804 1174 genuerant,
816 1109 918 1156 trecen-

109 1185 136 1231 ta
156 1176 239 1230 millia
259 1175 398 1230 hominum
417 1175 451 1229 ad
464 1175 539 1230 sedes
556 1192 637 1230 novas
651 1175 824 1247 quaerendae,
843 1177 919 1232 velut

110 1269 157 1306 ver
170 1267 283 1314 sacrum,
296 1249 432 1304 miserunt.
461 1249 504 1304 Ex
514 1249 557 1304 his
566 1250 650 1321 portio
661 1250 688 1303 in
699 1250 772 1305 ltalia
785 1252 915 1317 consedit,
986 1277 987 1288 ¹

110 1343 180 1398 quae
198 1331 222 1378 et
243 1325 337 1378 urbem
352 1325 498 1378 Romanam
516 1331 618 1395 captam
634 1324 763 1392 incendit3
789 1333 815 1378 et
831 1328 918 1396 portio
986 1377 987 1390 ,

110 1399 230 1474 Illyricos
247 1399 323 1454 sinus
337 1399 451 1454 ducibus
466 1399 562 1453 avibus
577 1401 648 1472 (nam
663 1398 812 1472 augurandi
827 1401 918 1456 studio
986 1437 987 1456 r

112 1475 182 1530 Galli
192 1482 292 1547 praeter
300 1481 396 1529 cetoros
407 1471 509 1546 callent)
520 1491 567 1544 per
576 1481 676 1546 strages
686 1474 862 1529 barbarorum
873 1494 920 1548 pe-

112 1551 224 1605 netravit
238 1558 263 1604 et
279 1550 306 1604 in
317 1549 451 1604 Pannonia
467 1547 599 1604 consedit:
619 1565 685 1620 gens
699 1567 799 1620 aspera,
816 1551 917 1616 audax,

111 1625 243 1690 bellicosa,
259 1643 327 1696 quae
340 1625 425 1695 prima
435 1631 494 1695 post
503 1623 650 1688 Herculem,
662 1624 705 1678 cui
716 1641 744 1678 aa
757 1641 798 1677 res
810 1625 919 1680 virtutis

112 1700 312 1754 admirationem
322 1707 348 1753 et
356 1697 557 1752 immortalitatis
569 1697 647 1752 fidem
658 1697 737 1763 dedit,
751 1698 863 1769 Alpium
879 1701 922 1755 in-

112 1775 179 1828 victa
197 1775 259 1846 iuga
272 1781 296 1827 et
305 1773 403 1846 frigore
418 1772 591 1828 intractabilia
606 1773 661 1828 loca
675 1773 846 1828 transcendit.
879 1775 922 1830 lbi

112 1846 219 1901 domitis
232 1847 375 1902 Pannoniis
383 1865 430 1918 per
440 1848 538 1902 multos
548 1865 631 1903 annos
641 1865 702 1902 cum
712 1848 834 1902 finitimis
846 1850 922 1905 varia

111 1921 179 1976 bella
190 1929 335 1996 gesserunt.
355 1923 478 1977 Hortante
487 1923 582 1977 deinde
594 1940 716 1978 successu
725 1923 820 1976 divisis
831 1926 923 1998 agmi-

113 1996 194 2052 nibus
209 1995 254 2051 alii
264 1996 409 2062 Graeciam,
422 1997 468 2051 alii
478 1998 665 2062 Macedoniam,
677 1999 764 2052 omnia
778 1997 848 2054 lerro
859 2017 924 2071 pro-

113 2080 234 2137 terentes,
255 2071 379 2144 petivere.
410 2073 564 2145 Tantusque
583 2081 664 2128 terror
683 2071 776 2128 Gallici
799 2075 923 2130 nominis

113 2156 176 2214 erat,
198 2155 228 2202 ut
248 2148 326 2202 etiarn
340 2165 415 2220 reges
429 2165 481 2202 non
497 2147 608 2202 lacessiti
624 2148 695 2202 ultro
708 2165 798 2220 pacem
815 2149 924 2222 ingenti

112 2224 225 2294 pecunia
235 2231 421 2278 mercarentur.
451 2221 529 2277 Solus
542 2241 588 2277 rex
597 2223 763 2278 Macedoniae
774 2223 925 2279 Ptolemae·

111 2313 146 2368 uus
176 2298 320 2354 adveutum
343 2297 479 2353 Gallorum
506 2297 653 2369 intrepidus
678 2299 793 2362 audivit,
821 2299 925 2371 hisque

113 2386 174 2422 curn
189 2373 280 2440 paucis
294 2383 319 2426 et
333 2373 521 2443 incompositis,
539 2374 616 2444 quasi
631 2373 698 2428 bella
714 2391 765 2428 non
779 2372 924 2429 difficilius
986 2375 987 2432 i

113 2459 194 2510 quam
211 2443 306 2498 scelera
318 2454 490 2516 patrarentur,
502 2447 703 2518 parricidiorum
716 2448 792 2502 iuriis
803 2449 924 2522 agitatus
986 2453 987 2492 l

112 2516 234 2594 occurrit.
264 2517 445 2573 Dardanorum
460 2538 568 2592 quoque
582 2521 737 2594 legationem
749 2523 848 2596 yiginti
859 2525 925 2578 mil·
986 2523 987 2580 l

88 2601 91 2609 ⁴
113 2583 146 2663 lia
167 2595 327 2643 armatorum
344 2591 371 2644 in
394 2595 526 2649 auxilium
539 2596 689 2651 offerentem
705 2597 812 2668 sprevit,
829 2599 924 2654 addita
986 2589 987 2648 l

113 2669 222 2726 insuper
244 2663 402 2717 contumelia
427 2679 515 2723 cotum
538 2675 570 2724 de
588 2673 744 2728 Macedonia
763 2671 868 2737 diceus,
889 2679 924 2736 si,
986 2695 987 2744 j
