1998 3006
296 210 372 274 nm„
386 211 481 260 xxrv.
511 188 590 260 cnr.
611 215 637 260 1.
821 205 871 260 tta

17 326 20 332 2
66 299 156 359 infanti
171 307 292 378 portendi
303 311 439 378 canebant,
454 313 597 384 parvulum
608 313 734 388 reeolligit
743 312 871 386 omnique

65 378 151 462 studio
160 383 194 438 ad
205 403 279 456 spem
291 387 443 452 maiestatis,
455 406 524 459 quae
528 389 736 460 promittebatur,
745 389 868 444 instituit.

64 450 154 533 Eidem
169 459 197 514 in
214 459 278 514 ludo
290 461 355 515 inter
365 463 517 534 coaequales
530 463 639 518 discenti
650 464 730 536 lupus
741 464 868 531 tabulam,

65 542 91 581 m
106 533 181 588 turba
198 551 341 604 puerorum
358 547 462 607 repente
475 547 638 609 conspectus
655 539 759 609 eripuit
775 537 872 593 Adole-

65 607 871 686 scentiquoqueprimabellaineuntiaquilainclypeo‚noctua

65 692 91 730 rn
101 679 175 736 basta
186 685 317 740 consedit.
338 686 414 752 Quod
427 694 559 741 ostentum
573 696 597 740 et
606 687 715 742 oonsilio
727 698 833 742 cautum
845 696 871 742 et

64 768 144 810 manu
159 767 297 830 promtum
307 778 448 834 regemque
458 761 578 816 [uturum
589 763 764 834 significabat.
793 763 872 816 Dani·

64 843 114 897 que
128 833 259 888 adversus
276 843 456 905 provocatores
469 855 547 908 saepe
560 837 699 912 pugnavit,
715 853 872 908 semperque

64 903 201 962 victoriam
217 911 371 980 reportavit3
393 929 407 965 a
423 911 524 984 Pyrrho
539 929 599 984 rege
609 911 700 965 moltis
712 911 871 966 militaribus

64 976 138 1034 donis
153 984 269 1038 donatus
280 991 328 1038 est.
359 985 559 1040 Pulchritudoei
570 987 685 1056 eorporis
697 987 819 1059 insignis
832 985 873 1039 vi·

65 1069 104 1107 res
122 1075 234 1131 quoque
249 1059 275 1112 in
291 1059 398 1114 homine
411 1058 578 1125 admirabiles
597 1060 676 1115 luere.
707 1063 735 1114 ln
755 1060 872 1131 alloquio

64 1125 187 1195 blandus,
203 1134 230 1186 in
244 1135 347 1206 negotio
356 1134 451 1198 iustus,
465 1134 492 1188 in
505 1135 614 1206 imperio
624 1135 786 1190 moderatus:
798 1152 873 1206 pror-

63 1219 109 1258 sus
122 1217 153 1262 ut
161 1207 233 1263 nihil
244 1207 268 1261 ei
279 1209 383 1282 regium
390 1208 486 1263 deesse
494 1217 595 1280 praeter
605 1228 718 1284 regnum
728 1210 872 1268 videretur.

352 1371 587 1416 duanam-—

271 1618 470 1676 LIBER
516 1619 664 1676 XXIV.

372 1745 552 1768 z====

63 1830 109 1868 Art
117 1831 141 1868 G.
156 1832 208 1879 erp.
219 1833 238 1866 1.
248 1825 344 1866 Graeciae
350 1825 456 1864 civitatum
465 1827 576 1864 molimina.
584 1831 604 1864 Ω,
612 1832 631 1866 3.
638 1827 764 1864 Ptolemaeus
770 1828 874 1864 Ceraunus

112 1902 131 1932 et
145 1895 245 1933 Arsinoe·
262 1895 282 1927 t.
291 1893 310 1927 ὅ,
325 1891 429 1928 Gallorum
442 1891 479 1928 sub
492 1891 573 1927 Brenno
588 1891 609 1928 in
623 1891 762 1929 Macedoniam
778 1890 873 1940 irruptio.

110 1958 219 1995 §.Eorum
233 1953 254 1992 in
269 1953 373 1991 Graeciam
391 1953 478 1994 invasio.
501 1955 606 2003 'I'emplum
625 1955 756 2004 Delphicum.
769 1959 787 1993 7.
796 1959 815 1993 8.
826 1955 873 1993 cta.

111 2021 147 2059 des
155 2020 272 2057 Gallorum.

121 2093 199 2158 Car.
221 2103 242 2155 l.
263 2102 331 2155 Dum
348 2101 412 2155 liaeo
426 2104 454 2156 in
470 2101 557 2156 Sicilia
571 2110 708 2176 geruntur.
726 2100 830 2155 interim
845 2100 874 2156 in

62 2177 177 2232 Graecia
192 2172 383 2231 dissidentibus
399 2177 465 2231 inter
481 2195 509 2230 se
523 2178 590 2231 bello
602 2177 744 2230 Ptolemaeo
755 2177 874 2230 Cerauno

64 2261 91 2306 et
112 2251 243 2307 Antiocho
256 2260 281 2304 et
296 2253 427 2324 Antigono
442 2253 549 2326 regibus
559 2270 650 2306 omnes
662 2251 741 2304 lerme
751 2249 874 2306 Graeciae

61 2327 187 2381 civitates
198 2325 312 2379 ducibus
322 2326 466 2396 Spartanis,
481 2327 550 2381 velut
560 2325 874 2398 occasionedataadspem

66 2401 198 2454 libertatis
209 2409 314 2464 erectae,
328 2403 417 2456 missis
429 2403 540 2456 invicem
554 2403 652 2475 legatis.
667 2419 784 2473 perquos
795 2403 820 2456 in
832 2420 874 2456 so-

65 2477 188 2529 cietatem
204 2475 304 2530 loedera
320 2477 506 2551 adligarentur,
525 2479 551 2531 in
569 2477 665 2530 bellum
683 2484 872 2548 prorumpunt3

64 2557 103 2612 et,
119 2569 152 2605 ne
163 2569 225 2604 oum
237 2553 377 2628 Antigono,
390 2553 441 2606 sub
451 2554 528 2606 citius
540 2565 709 2624 regnoarant,
723 2551 822 2604 bellum
833 2565 874 2600 ce·

66 2625 142 2696 pisse
150 2625 314 2691 viderentur,
326 2629 410 2681 socios
419 2629 477 2681 eius
486 2627 589 2681 Aetolos
599 2627 796 2699 adgrediuntur.
812 2636 875 2671 eau-

64 2701 876 2775 sasbellipraetendentes,quodeonsensuGraeciaesaoratum

107 2792 230 2848 lusrruns.
683 2789 708 2841 Μ
