2014 3000
118 191 151 243 86
354 196 505 242 IUSTINI
523 195 679 242 HISTOR.

117 299 246 366 defecisse,
257 305 439 364 auctoremque
449 302 505 350 etas
517 300 667 368 desectionis
678 311 772 364 moqco
784 299 850 348 curt
856 304 924 362 pon·

117 371 657 438 derecPcrsiscorrcptcmDemcstbmem
666 375 924 426 orctorcmeocstr'tls·

116 461 157 498 se:
187 449 233 513 qut
251 445 423 500 Macedonum
441 449 538 500 deletas
557 463 643 501 omrees
657 463 715 500 cum
728 461 788 513 repe
802 449 893 512 coptos
906 462 925 499 o

119 521 243 573 Triballis
253 523 441 589 adfirmaverit,
454 525 583 589 prodacto
597 527 626 576 in
645 525 791 574 concionem
804 528 922 583 auctore,
995 551 996 574 n

117 598 164 663 qui
177 599 206 648 e'n
220 612 248 648 ec
258 599 368 663 proelio,
382 601 411 650 tn
421 613 471 665 qno
483 613 533 650 rece
544 601 673 659 ceciderit,
684 613 711 650 se
723 611 824 664 quoque
832 597 924 648 certae-
995 607 996 614 ¹

115 677 206 723 rotam
225 673 332 724 diceret.
367 670 426 736 Qac
445 675 563 738 opinione
580 679 693 724 mctotos
710 675 824 724 omnium
842 675 924 738 ferme
995 693 996 722 2

117 743 255 800 civitatum
269 750 370 800 amictos
379 763 432 800 esse
440 765 450 814 ;
466 749 603 814 procuden
617 745 788 800 Macedonum
798 747 922 798 obsideri.
995 747 996 816 ᾗ

117 817 223 884 Quibus
242 821 358 876 motibus
377 837 534 874 occursurus
556 826 627 874 tauta
647 818 775 874 celeritate
794 817 924 872 instructo
995 827 996 842 ³

64 963 66 970 ἲ
115 902 260 966 paratoque
269 895 382 948 exercitu
395 894 531 948 Graeciam
540 894 679 965 oppressit,
690 900 728 959 ut,
739 910 821 966 quem
832 893 923 949 venire
995 899 996 916 ³

116 976 324 1034 consenserant,
337 968 425 1022 videre
435 986 463 1022 se
477 969 522 1024 vix
535 969 677 1024 crederent.
995 1013 996 1028 ,

173 1043 239 1097 Cir.
260 1044 306 1097 111.
327 1045 357 1096 Iu
372 1044 483 1099 transitu
493 1045 611 1099 hortatus
620 1044 758 1098 Thessalos
769 1041 863 1104 luerat,
875 1043 923 1097 be·
995 1097 996 1114 2

117 1117 327 1188 neliciorumque
339 1116 454 1189 Philippi
469 1120 565 1190 patris,
583 1126 767 1190 maternaeque
781 1135 846 1172 suae
859 1134 924 1172 cum
995 1157 996 1160 η

116 1191 159 1244 his
179 1192 212 1244 ab
230 1191 403 1246 Aeacidarum
423 1202 500 1266 gente
518 1193 719 1249 necessitudinis
738 1192 922 1247 admonuerat.
995 1201 996 1246 ἶ

116 1265 218 1336 Cupide
233 1266 298 1320 haec
311 1267 445 1323 Thessalis
460 1269 629 1324 audientibus
643 1266 763 1339 exemplo
772 1268 855 1338 patris
866 1267 924 1322 dux
995 1285 996 1326 ζ

115 1341 257 1396 universae
265 1343 352 1416 gentis
362 1351 523 1400 creatuserat
532 1343 699 1417 etvectigalia
709 1343 797 1397 omnia
808 1341 925 1396 reditus-

38 1438 41 1442 *
116 1433 169 1488 que
179 1433 241 1471 suos
254 1418 278 1471 ei
292 1417 461 1474 tradiderant.
495 1419 546 1474 Sed
555 1417 736 1482 Athenienses,
751 1417 829 1471 sicuti
839 1417 924 1488 primi
995 1465 996 1488 ,

115 1490 275 1559 deiecerant,
294 1495 329 1548 ita
343 1493 423 1566 primi
443 1494 574 1566 poenitere
592 1500 741 1565 coeperunt,
758 1499 924 1546 contemtum

115 1567 200 1622 hostis
215 1569 243 1624 in
254 1569 454 1624 admirationem
464 1576 591 1626 vertentes
600 1569 795 1640 pueritiamque
805 1565 927 1622 Alexan-

115 1641 157 1695 dri
168 1651 283 1714 spretam
294 1651 368 1699 antea
379 1662 458 1715 supra
469 1645 717 1700 virtutemveterum
728 1642 828 1696 ducum
837 1642 927 1698 extol-

115 1714 208 1770 lentes.
242 1718 332 1772 Missis
345 1719 434 1789 itaque
445 1717 536 1790 legetis
546 1718 646 1772 bellum
657 1718 843 1789 deprecantur;
861 1719 926 1790 qui-

114 1790 168 1844 bus
182 1790 280 1846 auditis
294 1799 320 1845 et
331 1793 446 1864 graviter
459 1793 599 1865 increpatis
609 1792 756 1848 Alexander
767 1791 871 1847 bellum
882 1810 927 1847 re-

114 1863 198 1919 misit.
227 1865 292 1919 lnde
306 1865 409 1920 Thebas
423 1867 565 1922 exercitum
578 1868 712 1932 convertit,
729 1866 820 1921 eadem
830 1867 926 1921 indul-

114 1939 203 2013 gentia
215 1957 326 2005 usurus,
342 1940 365 1994 si
380 1957 470 2012 parem
484 1943 671 2013 poenitentiam
684 1942 838 1997 invenisset.
870 1941 926 1996 Sed

115 2015 234 2070 Thebani
244 2015 334 2080 armis,
347 2032 400 2070 nou
411 2017 534 2086 precibus
543 2035 591 2072 uec
600 2017 779 2088 deprecatione
789 2016 832 2069 usi
845 2025 923 2071 sunt.

115 2092 206 2163 ltaque
220 2091 280 2146 victi
297 2091 456 2165 gravissima
474 2109 595 2164 quaeque
612 2091 742 2162 supplicia
754 2090 926 2145 miserrimae

114 2167 272 2238 captivitatis
285 2166 386 2239 experti
399 2172 472 2221 sunt.
504 2169 535 2221 In
552 2165 661 2221 consilio
674 2181 761 2237 quum
771 2164 803 2218 de
816 2165 927 2220 excidio

114 2241 190 2294 urhis
203 2241 399 2306 deliberaretur,
415 2242 560 2296 Phocenses
569 2239 763 2295 etPlataeenses
773 2247 798 2293 et
808 2240 928 2310 Thespi·

110 2331 190 2370 enses
200 2323 225 2368 et
235 2315 413 2382 Orchomenii,
425 2315 569 2371 Alexandri
579 2316 642 2370 socii
652 2315 828 2386 victoriaeque
838 2323 928 2385 parti-
995 2343 996 2350 .

114 2387 194 2456 cipes,
211 2390 313 2444 excidia
328 2392 439 2446 urbium
449 2409 559 2446 suarum
574 2389 807 2461 crudelitatemque
816 2389 929 2445 Theba—

112 2477 209 2513 norum
220 2461 377 2532 referebant;
399 2465 487 2520 sardia
497 2465 524 2519 in
535 2467 627 2520 Persas
641 2483 692 2519 uon
703 2463 851 2536 praesentia
862 2471 931 2521 tan-
995 2463 996 2478 ³

112 2537 180 2595 turn,
193 2551 287 2588 verum
299 2543 324 2590 et
337 2546 424 2592 vetera
437 2538 564 2594 adversus
578 2539 700 2594 Graeciae
714 2539 861 2594 libertatem
879 2540 931 2596 iu—

111 2613 261 2670 crepantes:
287 2614 454 2676 quomobrem
472 2618 559 2668 odtcm
577 2631 619 2668 ecs
633 2619 747 2669 onmium
762 2617 931 2682 populorum

19 2721 22 2725 .
110 2687 178 2736 etse,
199 2684 268 2743 quod
284 2685 326 2734 cel
343 2677 378 2737 ec
392 2702 421 2738 eo
436 2691 609 2756 manifestari,
627 2691 696 2757 qnod
708 2693 884 2744 iureiurando
899 2709 933 2748 aa
995 2703 996 2764 f
