2044 3028
125 201 175 256 272
357 207 507 252 rusrrur
525 207 683 252 maron.

125 326 169 363 ma
183 315 265 362 terrae
278 323 359 378 prope
375 306 512 378 quadrata,
525 307 577 360 nisi
587 305 659 378 quod
669 305 813 361 artantibus
822 305 880 362 freti
889 307 922 362 li-

124 383 226 438 toribus
240 382 267 435 in
281 382 443 454 Pyrenaeum
455 382 512 436 coit.
533 381 611 435 Porro
621 381 746 454 Pyrenaei
755 382 852 436 montis
862 400 923 454 spa-

127 460 193 528 tium
208 464 328 510 sementa
344 456 428 510 millia
445 473 573 528 passuum
587 455 675 510 efficit.
705 455 848 511 Salubritas
857 457 923 512 coeli

124 549 171 604 per
180 549 286 586 omnem
291 531 443 604 Hispaniam
454 530 580 603 aequalis,
590 530 654 603 quia
664 531 731 586 aeris
743 531 852 602 spiritus
861 532 923 588 nul-

60 623 68 640 ·
125 606 150 661 la
170 605 309 678 paludium
323 607 399 680 gravi
418 605 514 660 nebula
533 605 658 660 inficitur.
688 606 745 661 Huc
760 606 885 662 accedunt
898 615 922 662 et
1001 607 1002 674 j

124 681 242 737 marinae
261 699 339 736 aurae
358 680 478 754 undique
501 698 593 736 versus
607 679 711 734 adsidui
725 678 811 746 flatus,
822 681 923 754 quibus
1001 731 1002 750 p

125 774 230 812 omnem
254 756 418 828 provinciam
436 755 633 827 penetrantibus
652 753 791 810 eventilato
810 758 922 812 terrestri
1001 753 1002 762 ’

125 832 220 904 spiritu
231 831 369 903 praecipua
382 830 536 885 hominibus
546 830 643 885 sanitas
653 829 781 885 redditur.

180 906 249 961 Cir.
263 906 296 960 11.
318 905 430 977 Corpora
452 905 592 959 hominum
612 904 645 958 ad
664 905 779 960 inediam
794 903 922 961 laborem·

126 998 187 1051 que,
199 980 281 1035 animi
291 979 325 1034 ad
334 987 444 1034 mortem
453 979 547 1052 parati.
578 981 648 1034 Dura
661 979 786 1034 omnibus
796 987 821 1034 et
830 979 923 1035 adstri-

124 1064 164 1110 cta
181 1055 352 1126 parcimonia.
380 1053 483 1109 Bellum
500 1071 582 1126 quam
597 1054 681 1108 otium
694 1052 811 1110 malunt:
838 1056 861 1110 si
876 1073 925 1131 ex·
1001 1119 1002 1122 Ἰ

126 1135 229 1184 traneus
248 1129 327 1191 deest,
339 1129 411 1184 domi
421 1129 522 1184 hostem
532 1137 669 1201 quaerunt.
697 1128 779 1200 Saepe
787 1131 923 1184 tormentis

123 1220 172 1274 pro
185 1203 288 1257 silentio
298 1221 385 1258 rerum
396 1203 553 1259 creditarum
563 1203 710 1258 immortui:
732 1204 794 1260 adeo
806 1203 860 1258 illis
870 1202 924 1258 ior-

125 1277 174 1332 tior
193 1277 375 1332 taciturnitatis
398 1295 459 1333 cura
480 1297 560 1351 quam
574 1278 649 1333 vitae.
679 1277 829 1337 celebratur
843 1279 925 1334 etiam

124 1350 193 1407 bello
206 1352 306 1407 Punico
320 1353 389 1407 servi
403 1353 475 1408 iilius
489 1353 620 1424 patientia,
637 1353 685 1425 qui
701 1353 774 1408 uitus
784 1353 924 1409 dominum

124 1427 192 1482 inter
204 1435 331 1482 tormenta
347 1427 403 1483 risu
418 1427 559 1483 exsultavit
574 1445 716 1499 serenaque
726 1427 820 1482 laetitia
831 1428 926 1483 crude-

124 1501 223 1558 litatem
241 1503 419 1575 torquentium
431 1503 503 1558 vicit.
536 1501 662 1558 Velocitas
676 1503 746 1576 genti
760 1503 865 1574 pernix,
882 1504 926 1557 in-

124 1578 200 1650 quies
216 1578 335 1633 animus:
356 1577 479 1649 piurimis
492 1576 617 1632 militares
626 1577 722 1649 equiet
731 1594 804 1631 arma
814 1577 925 1652 sangui-

125 1670 159 1708 ne
171 1654 288 1725 ipsorum
299 1653 405 1707 cariora.
430 1651 526 1706 Nullus
536 1653 563 1706 in
574 1651 651 1706 festos
663 1651 719 1706 dies
729 1650 869 1723 epularum
878 1669 927 1724 ap-

123 1735 240 1798 paratus,
261 1727 337 1800 Aqua
347 1727 429 1782 calida
439 1726 522 1782 lavari
532 1735 590 1798 post
602 1726 748 1781 secundum
757 1725 859 1782 beilum
869 1727 928 1782 Pu·

124 1802 215 1856 nicum
232 1821 246 1855 a
272 1802 396 1857 Romanis
411 1801 531 1856 didicere.
563 1801 593 1855 In
608 1809 678 1856 tanta
692 1801 841 1856 seculorum
856 1802 929 1856 serie

125 1875 217 1930 nullus
232 1875 285 1932 illie
300 1876 356 1931 dux
369 1895 482 1950 magnus
496 1883 595 1948 praeter
604 1876 734 1932 Viriatum
744 1874 802 1942 tuit,
817 1876 866 1948 qui
878 1895 930 1932 an-

124 1951 166 2004 nis
181 1949 270 2004 decern
287 1951 417 2006 Romanos
431 1951 504 2006 varia
517 1951 623 2007 victoria
634 1949 764 2024 fatigavit:
787 1950 850 2006 adeo
861 1949 929 2005 feris
1001 1997 1002 2024 q

122 2024 243 2097 propiora
272 2042 354 2097 quam
379 2026 533 2081 hominibus
555 2025 661 2100 ingenia
688 2034 793 2098 gerunt.
837 2024 929 2092 Quem
1001 2027 1002 2090 J

124 2101 212 2173 ipsum
228 2117 279 2154 non
289 2100 386 2155 iudicio
392 2099 483 2172 populi
492 2099 612 2165 electum,
625 2099 671 2155 sed
680 2107 710 2154 ut
717 2099 828 2155 cavendi
837 2100 931 2155 scien-

123 2183 175 2230 tem
204 2175 473 2248 declinandorumque
497 2174 673 2246 periculorum
698 2175 813 2246 peritum
840 2175 930 2229 secuti
1001 2239 1002 2246 ἵ

123 2260 196 2305 sunt.
229 2250 312 2305 Cuius
337 2269 367 2304 ea
380 2251 465 2306 virtus
480 2251 691 2322 continentiaque
708 2248 767 2314 fuit,
784 2258 822 2315 ut,
835 2267 931 2322 quum

123 2324 273 2379 consulares
285 2326 414 2395 exercitus
428 2324 575 2396 frequenter
589 2325 688 2390 vicerit,
700 2325 779 2378 tantis
788 2325 870 2380 rebus
879 2341 932 2400 ge-

122 2397 170 2449 stis
185 2414 238 2451 non
254 2415 398 2464 armorum,
414 2417 466 2454 non
483 2399 562 2453 vestis
571 2399 681 2464 cultum,
694 2416 747 2455 non
756 2398 875 2472 denique
884 2401 932 2454 vi-

121 2477 193 2522 ctum
205 2472 358 2526 mutaverit:
378 2473 424 2527 sed
437 2474 464 2527 in
475 2491 505 2528 eo
514 2473 615 2538 habitu,
630 2489 685 2546 quo
696 2474 815 2546 primum
825 2474 932 2530 bellare

121 2542 214 2622 coepit,
234 2547 452 2612 perseveraverit:
472 2555 501 2601 ut
520 2549 610 2619 quivis
623 2548 760 2623 gregarius
774 2548 852 2604 mdes
868 2550 932 2622 ipso

123 2621 277 2683 imperatore
286 2617 432 2687 opulentior
442 2620 584 2677 videretur.

175 2683 243 2736 Car.
265 2689 307 2740 ul.
328 2691 358 2742 ln
373 2692 505 2747 lusitanis
524 2695 598 2752 iuxta
612 2696 725 2754 fluvium
739 2697 842 2772 Tagum
860 2717 932 2754 ven-
