1984 3010
351 190 423 236 LIB⁴
442 191 489 236 XI.
519 191 600 236 CAP.
622 190 648 234 2.
851 181 882 234 85

82 293 175 364 quippe
188 292 290 346 iniusta
305 291 430 344 servitute
444 289 562 360 oppressi
579 289 613 342 ad
626 306 701 360 spem
714 307 743 342 se
756 287 883 342 libertatis

82 367 225 440 erigebant:
240 365 287 420 alii
299 365 382 420 taedio
392 364 553 438 longinquae
563 363 672 418 militiae
680 363 819 418 remissam
830 363 883 417 sibi

82 441 272 512 expeditionem
286 439 450 513 gaudebant;
472 437 595 494 nonnulli
607 438 690 494 facem
705 439 805 510 nuptiis
813 437 883 492 tiliae

82 533 213 571 accensam
222 533 287 587 rogo
296 516 378 586 patris
388 512 523 569 subditam
534 513 665 568 dolebant.
694 509 882 585 Amicos‘quc

81 608 130 663 que
143 599 196 645 tam
206 591 294 644 subita
305 590 447 644 mutatione
458 591 548 655 reru'm
558 589 630 642 haud
640 589 778 643 mediocris
795 597 883 644 metus

80 673 187 737 ceperat,
204 672 353 736 reputantes
365 681 438 719 nunc
451 669 618 734 provocatam
631 663 731 728 Asiam,
747 681 819 717 nunc
827 665 883 718 Eu-

79 759 169 812 ropam
179 739 299 795 nondum
308 739 493 812 perdomitam,
505 755 577 793 nuno
586 737 690 812 Illyrios
700 746 725 791 et
734 738 848 791 Thracas
858 745 884 792 et

79 816 212 870 Dardanos
234 822 383 886 ceterasque
401 815 528 868 barbaras
552 820 643 886 gentes
662 811 724 866 fidei
743 811 840 866 dubiae
858 819 884 866 et

78 891 174 945 mentis
187 889 297 946 infidae:
323 890 372 960 qui
385 906 478 944 omnes
495 888 588 961 populi
602 889 625 942 si
640 888 737 961 pariter
749 886 880 952 deficiant,

77 966 162 1020 rosisti
185 962 259 1019 nullo
277 965 355 1019 modo
374 981 460 1036 posse.
494 963 561 1030 Quis
581 963 660 1018 rebus
680 962 762 1019 veluti
781 961 883 1016 medela

77 1040 209 1112 quaedam
227 1040 389 1096 interventus
403 1038 547 1093 Alexandri
560 1038 624 1094 icit:
645 1039 693 1111 qui
701 1055 750 1111 pro
759 1034 885 1096 concione.

77 1117 111 1170 ita
131 1113 233 1187 vulgus
253 1133 331 1169 omne
349 1113 497 1168 consolatus
510 1114 682 1186 hortatusque
701 1131 748 1186 pro
766 1122 889 1187 tempore

76 1199 123 1256 est,
139 1197 172 1244 ut
185 1198 210 1243 et
224 1197 323 1244 metum
335 1189 489 1243 timentibus
499 1189 613 1244 demeret
626 1197 651 1244 et
664 1189 693 1244 in
703 1208 777 1262 spem
789 1209 887 1246 omnes

75 1264 233 1337 impelleret.
262 1263 326 1319 Erat
335 1265 378 1318 hio
388 1281 471 1319 annos
481 1264 577 1338 viginti
587 1272 679 1320 natus:
699 1264 727 1320 in
737 1284 791 1338 qua
801 1274 887 1321 aetate·

75 1341 110 1396 ita
120 1339 254 1395 moderate
263 1339 295 1394 de
305 1357 333 1394 se
342 1339 425 1394 multa
435 1339 567 1410 pollicitus
577 1348 624 1406 est,
635 1347 665 1394 ut
675 1349 808 1412 appareret
819 1340 888 1413 plu-¹

74 1435 104 1472 ra
119 1433 184 1470 eum
194 1411 379 1486 experimentis
390 1432 531 1470 reservare.
552 1415 738 1471 Macedonibus
753 1416 881 1470 immuni-

73 1499 156 1546 tatem
167 1498 321 1544 cunctarum
331 1507 420 1545 rerum
433 1498 534 1561 praeter
546 1490 655 1544 militiae
665 1491 825 1544 vacationem
836 1489 882 1543 de·

75 1567 128 1621 dit:
147 1582 204 1638 quo
213 1563 282 1619 facto
289 1571 390 1621 tantum
400 1565 452 1620 sibi
463 1565 579 1620 favorem
589 1563 711 1618 omnium
721 1563 879 1628 conciliavit,

74 1649 105 1696 ut
113 1659 212 1714 corpus
221 1640 348 1707 bominis,
361 1658 414 1696 non
424 1641 550 1696 virtutem
566 1639 636 1712 regis
646 1647 762 1694 mutasse
772 1656 800 1694 se
811 1639 882 1694 dice·

75 1725 144 1773 rent.

132 1793 202 1849 Car.
218 1793 251 1846 ll.
272 1793 361 1848 Prima
376 1793 416 1848 illi
428 1811 490 1848 cura
505 1799 674 1864 paternarum
693 1789 881 1862 exsequiarum

75 1865 140 1934 luit3
159 1868 188 1921 in
199 1867 299 1939 quibus
310 1876 369 1923 ante
378 1869 467 1922 omnia
477 1867 563 1922 caedis
573 1866 690 1922 conscios
703 1866 736 1920 ad
746 1865 881 1921 tumulum

75 1942 159 2012 patris
169 1942 254 1996 occidi
264 1943 351 1997 iussit.
365 1943 419 1998 Soli
430 1943 578 1997 Alexandro
588 1942 783 2016 Lyncistarurn‚
796 1939 878 2006 fratri,

75 2017 201 2088 pepercit,
214 2035 322 2072 servans
332 2019 360 2072 in
371 2036 401 2072 co
414 2017 562 2089 auspicium
573 2016 708 2090 dignitatis
718 2034 794 2070 suae:
818 2033 881 2070 nam

76 2109 167 2164 regem
178 2109 240 2146 eum
250 2093 354 2163 primus
365 2093 531 2147 salutaverat.
559 2092 704 2146 Aemulum
714 2107 821 2162 quoque
831 2090 886 2142 im-

77 2167 152 2234 perii,
166 2167 310 2232 Caranum,
322 2167 428 2221 fratrem
438 2185 471 2222 ex
481 2185 591 2222 noverca
601 2173 761 2237 susceptum,
771 2164 884 2219 interlici·

78 2241 190 2296 curavit.
221 2243 291 2296 lnter
304 2242 379 2296 initia
394 2242 490 2296 multas
504 2251 594 2314 gentes
608 2241 763 2296 rebellantes
778 2257 887 2312 compe·
988 2239 989 2242 ’

77 2316 160 2383 scuit3
182 2316 295 2370 orientes
309 2316 450 2370 nonnullas
463 2317 602 2371 seditiones
611 2315 747 2370 exstinxit.
778 2315 886 2383 Quibus

76 2389 158 2443 rebus
174 2399 275 2445 erectus
289 2391 366 2446 citato
379 2391 464 2464 gradu
477 2391 505 2446 in
517 2391 652 2446 Graeciam
667 2391 812 2446 contendit:
834 2389 882 2445 ubi

74 2465 201 2536 exemplo
217 2465 300 2536 patris
310 2466 468 2520 Corinthum
483 2466 595 2520 evocatis
605 2466 766 2531 civitatibus,
782 2466 839 2519 dux
853 2465 882 2515 in

74 2535 166 2592 locum
191 2540 249 2594 eius
273 2541 451 2595 substituitur.
492 2541 646 2595 inchoatum
665 2540 790 2594 deindea
810 2541 883 2602 patre

72 2611 214 2669 Persicum
229 2614 331 2669 bellurn
346 2615 510 2688 adgreditur:
532 2615 559 2668 in
575 2614 652 2667 cuius
666 2616 791 2682 apparatu
806 2618 884 2656 occu-

65 2694 141 2761 pato
153 2689 291 2746 nuntiatur
303 2692 468 2745 Athenienses
480 2698 504 2742 et
518 2689 650 2742 Thebanos
662 2687 695 2738 ob
710 2699 738 2734 co
747 2683 782 2732 ad
791 2677 884 2728 Persas
