1984 3010
86 180 134 232 tlt)
300 183 451 228 IUSTINI
469 181 628 228 HISTOR.

83 284 246 341 vertentibus
264 281 344 338 veluti
361 281 537 336 militantibus
546 281 616 336 data.
645 281 714 334 Dum
724 280 790 334 baec
801 297 897 353 agun-

83 368 136 422 tur,
152 375 224 413 uuus
238 373 271 410 ex
284 357 376 411 amicis
394 357 461 421 eius,
477 357 647 428 Ephaestion,
659 355 768 420 decedit,
780 354 892 410 dotibus
980 411 987 429 ¹,

82 434 169 507 primo
184 431 282 486 formae
295 431 484 503 pueritiaeque,
503 448 567 486 mox
581 431 716 502 obsequiis
731 431 785 502 regi
796 435 892 501 perca·
987 501 988 504 Ἰ

83 524 143 563 rus:
165 524 246 578 quem
261 514 350 560 contra
366 505 446 560 decus
461 507 565 579 regium
579 505 729 560 Alexander
742 505 790 560 diu
803 505 889 572 luxit3

82 581 274 653 tumulumque
283 582 307 635 ei
318 581 458 636 duodecim
467 581 585 635 millium
595 580 721 636 talentum
726 579 892 650 iecit-,eum-

83 675 137 730 que
145 664 204 728 post
217 664 328 712 mortem
337 655 387 710 coli
396 664 426 711 ut
435 656 515 711 deum
523 655 610 721 iussit,

140 733 211 788 Car.
231 731 304 786 XIII.
324 731 365 786 Ab
376 731 477 786 ultimis
487 728 892 802 litoribusOeeaniBabyloniam
988 726 989 736 ’

83 807 223 864 revertenti
238 806 375 862 nuntiatur
389 805 529 879 legationes
544 804 803 878 Carthaginiensium
823 811 893 858 uete-

84 899 229 954 ranumque
243 881 344 936 Africae
359 881 504 944 civitatum,
521 880 568 934 sed
580 889 605 934 et
614 879 812 950 Hispaniarum,
824 878 894 933 Sici-

84 957 143 1022 liae,
152 956 260 1020 Galliae,
268 955 413 1020 Sardiniae,
425 954 566 1010 nonnullas
577 971 684 1026 quoque
693 971 726 1008 ex
736 952 819 1018 ltalia,
832 954 893 1007 eius

85 1032 229 1086 adventum
238 1029 397 1102 Babyloniae
409 1029 533 1100 opperiri.
562 1029 634 1084 Adeo
642 1027 799 1082 universum
809 1034 894 1082 terra-

84 1124 146 1160 rum
164 1106 255 1159 orbem
275 1104 391 1158 nominis
410 1105 467 1158 eius
486 1111 567 1158 terror
583 1104 723 1167 invaserat,
739 1111 770 1156 ut
781 1110 894 1157 cunctae

84 1187 174 1254 gentes
190 1177 272 1234 veluti
286 1179 414 1232 destinato
427 1178 479 1233 sibi
494 1178 550 1251 regi
567 1177 746 1232 adularentur.
776 1177 895 1250 Haoigi-

84 1264 128 1310 tui·
140 1271 173 1308 ex
193 1271 271 1308 causa
284 1252 458 1326 Babyloniam
472 1252 614 1318 festinanti,
633 1251 714 1307 veluti
728 1258 893 1306 conventum

85 1338 215 1385 terrarum
230 1328 302 1382 orbis
316 1336 414 1393 acturo,
430 1328 541 1400 quidum
555 1346 588 1382 ex
602 1328 687 1400 Magis
703 1326 843 1398 praedixit,
860 1345 895 1380 na

85 1409 174 1460 urcem
184 1409 312 1467 introiret,
328 1411 434 1458 testatus
444 1407 511 1457 tune
521 1407 607 1458 locum
614 1408 639 1456 ei
647 1405 754 1473 [ntalem
762 1407 828 1472 sora.
850 1400 895 1456 Ob

84 1481 136 1536 hoc
154 1479 252 1534 omissa
266 1477 411 1552 Babylonia
426 1478 454 1532 in
471 1478 626 1550 Borsippam
644 1477 737 1531 urbem
752 1475 896 1531 transEu-

85 1555 211 1627 phraten,
232 1553 362 1608 desertam
375 1553 448 1618 olim,
465 1554 601 1608 concessit.
631 1553 671 1606 lbi
687 1552 721 1606 ab
734 1551 896 1607 Anaxarcho

86 1630 245 1702 philosopho
256 1629 411 1699 compulsus
430 1636 469 1683 est
487 1646 595 1684 rursum
610 1629 748 1701 Magorum
759 1625 895 1698 praedicte

86 1713 251 1759 contemnere
267 1713 295 1758 ut
309 1704 373 1759 falsa
383 1712 408 1758 et
417 1705 514 1757 incerta
524 1711 557 1768 et,
570 1703 593 1757 si
603 1702 662 1758 latia
672 1708 799 1766 constent,
813 1702 898 1774 igno-

86 1786 112 1834 ta
130 1777 298 1845 mortalibus;
320 1786 355 1842 at,
374 1779 397 1832 si
414 1786 522 1834 naturae
537 1779 689 1843 debeantur,
702 1776 894 1832 immutabilia.

86 1855 217 1907 Reversus
231 1852 313 1924 igitur
322 1852 495 1926 Babyloniam
505 1852 596 1909 multis
606 1853 700 1908 diebus
710 1853 762 1907 otio
771 1851 840 1907 datis
851 1852 897 1908 in·

85 1927 240 1982 termissuru
254 1926 319 1981 olim
336 1927 490 1982 convivium
501 1928 652 1984 solemniter
661 1927 787 1982 instituit:
808 1934 898 1982 totus-

86 2019 140 2074 que
158 2001 186 2056 in
210 2000 333 2057 laetitiam
347 2002 447 2058 effusus
461 2021 547 2074 quum
557 2004 610 2058 diei
624 2011 726 2058 noctem
734 2001 895 2075 pervigilem

86 2077 227 2142 iunxisset,
242 2077 403 2132 recedentem
414 2079 467 2133 iam
481 2079 626 2134 econvirio
636 2077 739 2134 Medius
749 2077 898 2132 Thessalus

86 2153 231 2208 instaurata
241 2153 423 2209 comissatione
433 2161 458 2208 et
468 2153 557 2224 ipsum
567 2161 592 2208 et
601 2151 703 2208 sodales
717 2153 775 2206 eius
790 2151 898 2207 invitat.

86 2229 198 2300 Accepto
218 2228 313 2300 poculo
328 2229 414 2284 media
429 2229 533 2300 potione
549 2235 654 2300 repente
668 2226 750 2284 veluti
765 2224 816 2282 telo
828 2243 899 2282 con-

88 2302 159 2357 fixus
174 2303 313 2376 ingemuit,
329 2304 466 2376 elatusque
479 2321 495 2358 o
508 2304 631 2360 convivio
648 2300 812 2357 semianimis
821 2308 904 2357 tanto

88 2376 176 2431 dolore
188 2379 321 2433 cruciatus
335 2387 382 2444 est,
398 2387 429 2434 ut
444 2378 544 2434 ferrum
560 2380 587 2433 in
602 2377 716 2432 remedia
728 2385 847 2449 posceret
856 2383 904 2431 ta-

88 2458 214 2522 ctumque
228 2451 369 2508 hominum
384 2453 455 2508 velut
469 2453 580 2509 vulnera
594 2451 773 2508 indolesceret.
806 2450 904 2508 Amici

88 2541 181 2578 causas
196 2526 282 2580 morbi
297 2527 477 2596 intemperiem
491 2529 623 2584 ebrietatis
637 2527 902 2584 disseminaverunt:

88 2613 117 2648 re
133 2604 220 2651 autem
235 2615 296 2654 vera
310 2599 421 2682 ipsidiae
430 2601 546 2670 fuerunt,
558 2621 673 2678 quarum
686 2601 823 2660 infamiam
833 2619 911 2658 suc-

89 2683 223 2723 cessorum
233 2679 346 2741 potentia
356 2676 495 2744 oppressit.
