1998 3006
128 219 177 273 ihi
361 223 514 270 IUSTINI
531 222 690 270 Histros.
782 270 785 276 ,

126 325 278 381 humillima
287 341 409 396 quaeque
418 324 552 378 tutissima
560 323 726 388 existimans,
738 323 767 376 in
779 321 918 385 sordidissi-

126 419 201 455 mum
217 401 285 455 vitae
299 417 385 472 genus
399 398 546 454 deseendit:
568 417 621 454 non
634 406 771 454 contentus
785 398 814 452 in
824 399 919 469 publico

126 475 226 548 vagari,
234 475 280 528 sed
290 483 392 546 potare;
407 491 455 528 nec
464 475 581 546 conspici
592 475 620 528 in
630 473 736 544 popinis
744 472 920 544 lupanaribus-

126 567 187 622 que‚
204 550 251 604 sed
265 551 326 604 totis
340 549 434 603 diebus
448 549 579 618 desidere;
601 565 662 603 cum
677 547 850 618 perditissimo
859 567 922 620 quo-

126 641 179 696 que
193 624 226 679 de
241 625 361 678 minimis
376 625 456 678 rebus
470 623 627 694 disceptare3
648 640 784 694 pannosus
794 630 819 676 et
829 624 922 694 squali·

125 701 177 754 dus
192 701 324 768 incedere;
346 700 430 753 risum
445 698 570 752 libentius
584 699 709 769 praehere
720 715 802 769 quam
814 707 921 768 captare,
991 703 992 708 ’

125 777 155 830 in
165 775 275 830 macello
284 783 411 846 perstaro5
433 773 506 846 quod
515 789 600 826 emere
612 789 665 826 non
676 780 783 845 poterat,
792 773 871 826 oculis
880 773 926 828 do·

124 868 231 918 vorare3
252 849 323 922 apud
334 848 430 903 aediles
439 847 567 902 adversus
578 847 684 902 lenones
694 848 807 920 iurgari:
827 848 927 903 omnia·
991 889 992 922 q

125 943 179 998 que
199 925 233 978 ita
249 924 340 989 lacere,
356 932 387 978 ut
398 922 605 977 contemnendus
618 923 704 996 magis
714 940 795 994 quam
812 931 924 978 metucn·
991 929 992 990 l

126 999 330 1055 dusvideretur.
352 998 502 1051 Novissime
512 996 727 1072 ludimagistrum
738 995 869 1068 professus
878 1016 929 1069 pu·
991 1035 992 1072 3

125 1093 183 1128 eros
204 1074 232 1127 in
253 1073 331 1127 trivio
350 1072 466 1136 docebat,
487 1080 517 1125 ut
531 1080 577 1126 aut
590 1089 605 1126 a
620 1071 775 1126 timentibus
789 1088 890 1142 semper
901 1073 931 1128 in
991 1101 992 1144 r

124 1147 233 1220 publico
242 1147 375 1200 videretur
388 1155 433 1201 aut
447 1162 528 1201 anon
538 1146 693 1200 timentibus
704 1145 932 1202 laciliurcontem-
991 1157 992 1172 ¹

124 1231 240 1278 araretur.
271 1223 339 1275 Nam
362 1221 422 1275 licet
440 1221 586 1294 tyrannicis
596 1222 669 1275 vitiis
688 1237 792 1292 semper
803 1222 934 1277 abunda·
991 1231 992 1282 ζ

124 1305 172 1362 ret,
192 1304 279 1350 tamon
302 1296 435 1351 simulatio
449 1297 513 1350 haec
523 1296 658 1361 vitiorum,
675 1313 728 1350 nou
743 1305 850 1350 naturae
862 1306 934 1365 erat3
991 1341 992 1384 q

125 1371 265 1446 magisque
276 1372 340 1426 haec
348 1380 494 1442 antequam
504 1371 602 1425 amisso
612 1369 694 1444 regali
704 1371 803 1442 pudore
811 1369 934 1437 faciebat,
991 1385 992 1402 ¹

125 1455 258 1518 expertus,
283 1465 365 1520 quam
386 1446 472 1500 invisa
491 1453 664 1519 tyrannorum
684 1445 769 1517 forent
779 1447 861 1500 etiam
878 1447 938 1502 sine

125 1522 222 1594 opibus
233 1523 348 1577 nomina.
379 1521 525 1576 Laborabat
539 1520 628 1592 itaque
642 1521 770 1575 invidiam
782 1523 938 1592 praeterito-

126 1614 187 1671 rum
198 1606 330 1652 contemtu
340 1596 517 1668 praesentium
528 1595 645 1663 demere3
664 1613 750 1667 neque
760 1596 883 1661 honesta,
891 1596 938 1650 sed

125 1679 180 1726 tuta
191 1672 299 1726 consilia
311 1671 545 1742 circumspiciebat.
567 1670 694 1750 Inter-has
706 1679 792 1725 tamma
803 1671 938 1726 dissimu-

126 1746 254 1800 lationum
265 1755 332 1800 artes
341 1745 509 1800 insimulatus
516 1753 555 1799 est
562 1744 700 1800 adfectatae
708 1745 877 1818 tyrannidis3
893 1762 940 1802 nec

126 1820 200 1875 aliter
210 1838 291 1892 quam
302 1820 366 1873 dum
376 1821 561 1885 contemnitur,
578 1820 703 1875 liberatus
713 1827 759 1874 est.

182 1895 252 1950 Cir.
270 1895 313 1949 Vl.
334 1896 477 1950 luterhaeo
487 1895 716 1969 Carthaginienses
727 1903 798 1950 tanto
809 1913 941 1950 successu

126 1987 215 2024 rerum
231 1969 375 2024 Alexandri
390 1971 479 2044 Magni
493 1971 617 2035 exterriti,
640 1979 765 2035 verentes,
782 1988 817 2025 ne
831 1971 941 2026 Persico

126 2062 208 2120 regno
217 2052 243 2098 et
251 2043 366 2100 Africam
379 2045 455 2099 vellat
464 2045 617 2120 adiungere,
630 2046 739 2101 mittunt
748 2045 782 2100 ad
791 2046 943 2118 speculan-

123 2121 173 2176 dos
188 2120 245 2175 eius
260 2121 363 2176 animos
378 2120 551 2174 Hamilcarem
571 2131 744 2194 cognomento
760 2121 942 2183 Rhodanum,

127 2198 215 2252 virum
235 2195 349 2251 sollertia
369 2195 545 2266 facundiaque
558 2205 658 2268 praeter
672 2205 769 2250 ceteros
785 2197 943 2271 insignem.

125 2271 266 2345 Augebant
285 2272 356 2326 euim
375 2279 476 2325 metum
491 2279 517 2324 et
531 2272 618 2344 Tyrus
632 2272 707 2336 urbs,
722 2280 813 2326 auctor
823 2271 946 2346 originis

125 2363 198 2410 suae,
213 2354 296 2416 capta,
308 2355 334 2400 et
343 2346 502 2400 Alexandria
513 2345 616 2401 aemula
626 2347 793 2420 Carthaginis
804 2348 834 2403 in
848 2346 947 2402 termi-

125 2417 167 2470 nis
185 2419 287 2473 Africae
305 2429 330 2474 et
341 2422 455 2496 Aegypti
473 2420 586 2486 condita,
601 2431 626 2476 et
640 2420 748 2476 felicitas
764 2423 850 2497 regis,
871 2420 948 2496 apud

124 2507 205 2558 quem
220 2509 268 2545 neo
282 2493 413 2563 cupiditas
428 2513 475 2550 nec
485 2495 589 2550 lorturm
599 2496 654 2552 ullo
665 2498 742 2552 modo
752 2498 950 2554 terminaban-

123 2569 176 2614 tur.
202 2565 286 2634 Igitur
299 2567 432 2622 Hamilcar
444 2587 491 2640 per
506 2571 705 2626 Parmenionem
717 2572 789 2626 aditu
805 2574 890 2648 regis
902 2573 951 2627 oh

123 2637 201 2714 lepte,
221 2637 372 2708 profugisse
392 2659 420 2694 se
438 2643 472 2695 ad
487 2661 575 2716 regem
588 2645 731 2716 expulsum
745 2649 831 2717 patria
853 2648 948 2732 fingit,

123 2702 288 2776 militemque
297 2727 325 2762 se
334 2714 509 2782 expeditionis
516 2717 599 2773 offert.
610 2721 697 2792 Atque
704 2722 739 2776 ita
746 2722 879 2778 consiliis
889 2735 950 2777 erre
