1984 3010
134 192 182 244 l00
372 192 521 238 IUSTINI
538 191 695 236 HISTOR.

131 300 161 352 in
175 296 251 350 Troia
265 301 397 368 gestarum
414 290 593 345 clarissimum
602 297 627 344 et
637 289 835 344 nobilissimum
844 289 926 344 ducem

131 370 284 427 Diomedem
298 367 481 423 condiderant:
503 366 550 420 sed
564 364 635 437 pulsi
651 365 684 418 ab
695 364 790 436 Apulis
801 365 928 420 consulen-

131 455 169 502 tes
183 444 289 500 oracula
301 459 459 514 responsum
470 447 630 514 acceperant,
644 443 735 502 locum,
748 457 823 508 quem
832 447 930 508 repotis-

130 529 195 584 sent,
207 528 332 588 perpetuo
344 533 517 586 possessuros.
548 517 602 568 llac
614 515 696 587 igitur
711 531 744 568 ex
755 531 833 568 cansa
846 533 888 585 per
898 515 932 568 le-

130 602 205 669 gatos
225 611 287 648 cum
306 592 370 647 belli
389 589 592 646 comminatione
614 589 717 644 restitui
731 589 784 643 sibi
798 591 831 642 ab
844 589 932 660 Apulis
982 647 983 656 q

46 711 49 718 ‚
130 671 227 725 urbem
248 667 452 740 postulaverant.
491 664 543 719 Sed
563 664 610 718 ubi
630 663 725 735 Apulis
743 664 876 718 oraculum
894 665 934 719 in·
982 663 983 740 l

131 745 231 810 notuit,
253 742 400 799 interlectos
422 740 520 814 legatos
545 739 573 794 in
595 740 662 793 urbe
686 739 854 810 sepelierant,
878 758 935 812 per-

130 827 238 892 petuam
259 819 297 874 ibi
317 819 406 873 sedem
425 815 571 870 habituros.
601 815 690 886 Atque
709 815 744 867 ita
764 813 877 868 defuncti
896 833 936 869 re-

130 913 229 967 sponso
247 895 294 948 diu
315 895 410 948 urbem
429 889 612 962 possederunt.
638 889 716 955 Quod
736 887 835 944 factum
854 907 936 962 quum
982 903 983 962 ᾗ

130 969 297 1043 cognovisset
305 966 463 1029 Alexander,
482 965 646 1037 antiquitatis
661 964 712 1018 fata
723 973 861 1019 veneratus
871 964 938 1020 bello
982 963 983 1028 l

130 1045 280 1114 Apulorum
291 1042 427 1096 abstinuit.
450 1041 537 1094 Gessit
546 1047 571 1094 et
580 1057 642 1094 oum
652 1039 760 1094 bruttiis
774 1040 939 1112 Lucanisque
982 1047 983 1098 ]

129 1118 241 1181 bellum,
258 1116 410 1187 multasque
425 1115 504 1168 urbes
519 1115 599 1186 oepit;
623 1122 680 1168 tum
696 1121 797 1171 etcum
808 1117 941 1186 Metapon—
982 1135 983 1168 3

129 1193 193 1246 tinis
203 1199 228 1244 et
238 1191 385 1246 Paediculis
395 1190 553 1244 etllomanis
562 1189 654 1244 foedus
664 1190 861 1262 amicitiamque
870 1190 939 1245 lenit.
982 1193 983 1218 ³

130 1266 182 1322 Sed
191 1267 286 1321 Bruttii
296 1266 460 1337 Lunamque,
476 1283 562 1336 quum
573 1264 673 1319 auxilia
683 1265 830 1320 a'finitimis
839 1274 943 1320 contra·
982 1301 983 1310 κ

26 1330 28 1332 l
129 1342 240 1406 xissent‚
257 1341 344 1395 aerius
358 1340 459 1394 bellum
474 1341 626 1410 repetivere.
656 1339 695 1393 lbi
707 1357 753 1394 rex
763 1341 837 1394 iuxta
847 1342 942 1396 urbem

130 1416 289 1471 Pandosiam
303 1424 328 1470 et
341 1414 438 1471 llumen
455 1415 615 1475 Acheronta.
632 1432 685 1469 non
700 1415 776 1485 prius
790 1414 879 1470 fatalis
894 1416 942 1471 loci
982 1417 983 1482 j

130 1492 235 1566 cognito
249 1492 357 1547 nomine
371 1508 453 1563 quem
467 1490 603 1554 occideret,
621 1489 790 1558 interficitur;
812 1493 942 1546 moriens·
982 1489 983 1518 ³

130 1585 184 1640 quc
199 1585 252 1622 non
267 1568 295 1621 in
309 1567 393 1639 patria
402 1565 485 1620 luisse
495 1566 547 1620 sibi
557 1563 732 1637 periculosam
743 1573 866 1632 mortem,
883 1584 943 1637 pro

129 1651 187 1714 pter
197 1661 280 1714 quam
290 1643 402 1713 patriam
413 1639 523 1714 fugerat,
533 1640 671 1694 intellexit.
693 1641 796 1711 Corpus
805 1642 943 1696 eiusThu-

130 1717 164 1770 rii
175 1717 281 1788 publice
291 1716 437 1782 redemtum
448 1716 599 1787 sepulturae
608 1715 781 1770 tradiderunt.
802 1717 943 1770 Dumbaeo

131 1799 247 1863 aguntur
257 1791 285 1844 in
299 1790 381 1854 ltalia,
394 1792 524 1863 Zopyrion
536 1808 652 1862 quoque,
667 1789 814 1862 praelectus
824 1791 900 1846 Ponti
909 1790 942 1843 ab

130 1863 282 1919 Alexandro
293 1865 389 1937 Magno
404 1865 519 1930 relictus,
536 1866 650 1920 otiosum
663 1883 691 1920 se
705 1874 788 1931 ratus,
806 1867 830 1920 si
841 1865 908 1921 nihil
919 1872 943 1917 et

129 1941 188 2010 ipse
198 1939 331 2012 gessisset,
345 1938 459 1993 adunato
470 1940 576 2013 triginta
588 1941 704 1995 millium
714 1943 831 1996 exercitu
837 1939 943 2015 Scythis

130 2013 232 2069 bellum
247 2013 350 2082 intulit;
371 2031 517 2087 caesusque
531 2033 593 2070 oum
606 2017 733 2071 omnibus
747 2017 831 2088 copiis
844 2031 943 2090 poenas

130 2098 228 2146 temere
237 2089 304 2144 illati
315 2088 378 2144 belli
387 2091 459 2162 genti
471 2091 595 2147 innoxiae
605 2091 664 2145 luit.

187 2166 258 2222 Cur.
280 2167 325 2219 lll.
347 2167 415 2219 llaeo
430 2184 515 2238 quum
533 2167 651 2221 nuntiata
667 2167 813 2222 inParthis
827 2165 946 2221 Alexan-

131 2241 179 2296 dro
192 2248 290 2304 essent,
302 2240 427 2295 simulato
442 2259 558 2296 moerore
571 2249 676 2313 propter
686 2240 831 2296 Alexandri
845 2257 946 2325 cogna-

130 2315 230 2368 tionem
241 2316 367 2369 exercitui
378 2334 427 2371 suo
437 2317 555 2371 triduum
566 2316 666 2370 luctum
674 2315 780 2370 indixit.
809 2314 946 2372 Omnibus

131 2387 235 2450 deinde,
246 2387 317 2440 volut
327 2399 473 2459 perpetrato
483 2391 560 2455 bello,
569 2391 681 2445 reditum
692 2390 719 2444 in
731 2393 946 2462 patrinmexspe-

130 2459 273 2522 dantibus,
286 2461 466 2535 coniugesque
476 2482 506 2518 ao
516 2465 611 2520 liberos
622 2483 684 2519 suos
699 2466 789 2520 animo
804 2467 858 2521 iam
875 2479 947 2534 quo-
982 2457 983 2510 l

131 2531 278 2615 dammodo·
296 2534 543 2602 complectentibus,
569 2539 603 2593 ad
622 2539 775 2593 concionem
796 2539 947 2596 exercitum

131 2610 219 2655 vocat:
241 2604 279 2656 rbi
289 2609 356 2659 nibil
365 2619 454 2663 actum
464 2621 501 2664 tot
510 2618 620 2680 eqreqtia
628 2617 737 2680 proeliis
747 2614 791 2678 ait,
803 2621 828 2669 si
837 2614 947 2668 incolu-
982 2635 983 2678 ᾗ

130 2678 180 2725 mie
192 2680 329 2730 orientatis
344 2681 470 2736 barbaria
484 2689 664 2755 rebellantum
684 2705 731 2740 neo
740 2706 768 2742 oe
779 2705 884 2758 empus,
901 2689 949 2740 sed
982 2679 983 2764 l
