1984 3010
322 185 394 232 LIB.
413 187 472 232 XV.
493 187 572 233 CAP,
594 189 621 236 1.
698 195 701 202 '
824 186 874 240 lili

310 375 509 434 LIBER
554 380 634 435 XV.

62 583 135 620 Alte.
150 585 201 632 cap.
223 585 293 620 1-4.
309 583 409 632 Antigoni
427 597 458 622 reu
476 592 541 634 gestae
556 593 625 622 eontra
636 587 763 624 Demetrium
776 587 871 626 liliumet

239 647 381 697 Lysimachum
389 654 409 684 et
417 649 530 692 Seleucum,
541 648 623 698 eiusque
632 663 691 687 mors.

123 719 171 782 Ca
179 749 202 782 a.
212 731 234 784 Ι.
249 729 370 784 Perdicca
380 738 405 784 et
415 727 492 785 fratre
502 731 567 794 eius,
579 733 697 786 Eumene
708 750 738 786 ae
746 731 873 858 Polyper-

62 803 163 857 chonte
178 803 323 876 ceterisque
337 805 450 860 ducibus
465 804 583 859 diversae
598 807 679 876 partis
693 807 794 869 occisis
821 807 878 859 rni-¹

62 887 124 932 tum
139 885 269 932 certamen
286 880 353 932 inter
366 897 527 934 successores
542 879 683 934 Alexandri
700 880 789 950 Magni
799 880 873 934 vide-

63 953 160 1016 batur,
183 970 268 1022 quum
279 961 383 1024 repente
393 955 460 1008 inter
470 955 541 1025 ipsos
551 955 661 1009 victores
673 963 731 1010 nata
742 955 871 1009 discordia

62 1035 119 1080 est:
152 1027 252 1098 quippe
270 1027 465 1098 postulantibus
484 1029 628 1084 Ptolemaeo
647 1039 673 1084 et
686 1029 833 1085 Cassandro
847 1038 872 1083 et

64 1101 237 1174 Lysimacho,
258 1112 286 1157 at
300 1108 413 1170 pecnnia
427 1109 456 1158 in
467 1108 568 1172 praeda
582 1115 659 1173 capta
671 1109 872 1174 prouinciaeque
912 1111 915 1118 '

64 1180 257 1240 dividerentur,
272 1177 421 1250 Antigonus
439 1179 552 1250 negavit,
567 1197 594 1232 se
609 1186 637 1233 in
651 1187 706 1234 eins
721 1184 781 1234 belli
790 1197 872 1248 prae-

65 1254 212 1306 miasoeios
219 1256 402 1315 admissuram,
411 1257 439 1306 in
450 1259 524 1306 auitas
531 1258 677 1322 periculam
687 1259 757 1309 solas
767 1260 873 1309 deseen-

64 1329 151 1393 derit;
171 1332 197 1378 et
206 1332 236 1379 ut
245 1325 384 1380 honestam
400 1327 526 1382 adversus
536 1329 618 1382 socios
629 1329 728 1382 bellurn
739 1329 873 1400 suscipere

67 1399 351 1472 videretur,divulgat:
367 1419 394 1455 se
406 1401 567 1470 Olympiadis
578 1413 684 1457 mortem
693 1423 711 1458 a
724 1404 872 1458 Cassandro

66 1480 219 1543 interfectae
237 1479 331 1530 alcisci
348 1479 420 1539 velle,
436 1487 460 1530 et
473 1480 627 1539 Alexandri,
644 1483 713 1546 repis
725 1484 775 1540 sai,
790 1482 873 1545 litium

66 1567 127 1602 oum
136 1551 221 1603 matr'e
230 1553 359 1604 obsidione
368 1553 577 1618 Amplripolitana
588 1556 708 1605 liberare.
727 1553 773 1603 His
783 1551 875 1622 angni-

67 1623 101 1676 tis
122 1622 286 1678 Ptolemaeus
306 1633 331 1680 et
345 1625 500 1688 Cassander,
517 1625 580 1678 inita
600 1643 662 1678 eum
677 1625 835 1698 Lysimacho
848 1633 873 1679 et

68 1696 177 1752 Seleuco
187 1698 315 1763 societate,
324 1699 423 1753 bellum
434 1709 499 1754 terra
514 1700 633 1770 marique
643 1701 719 1754 enixe
730 1700 871 1754 instruunt.

68 1773 185 1826 Tenebat
196 1772 357 1828 Ptolemaeus
367 1773 589 1848 Aegyptumoum
600 1773 700 1828 Africae
711 1783 782 1846 parte
792 1775 873 1828 maio-

71 1864 98 1900 re
110 1856 136 1900 et
147 1847 236 1921 Cypro
245 1857 270 1902 et
285 1849 419 1904 Phoenice.
450 1849 598 1904 Cassandro
607 1851 713 1920 parebat
723 1850 873 1918 Macedonia

47 1922 54 1930 '
70 1938 131 1975 curn
143 1923 262 1977 Graecia.
286 1922 375 1977 Asiam
387 1932 411 1978 et
421 1933 506 1993 partes
517 1923 630 1978 Orientis
639 1934 809 1997 occupaverat
819 1926 874 1979 iln-

71 1997 186 2068 tigonus,
198 1997 275 2051 cuius
287 1997 358 2052 lilius
368 2000 513 2052 Demetrius
524 2001 608 2070 prima
620 2001 679 2054 belli
691 2000 874 2073 magressione

70 2089 85 2124 a
103 2071 251 2126 Ptolemaeo
270 2073 342 2143 apud
356 2073 492 2128 Gamalam
508 2074 632 2129 vincitur.
664 2077 692 2128 ln
708 2093 762 2146 quo
776 2075 874 2144 proelio

72 2145 153 2201 maior
164 2146 304 2201 Ptolemaei
315 2148 498 2203 moderationis
507 2149 599 2220 gloria,
607 2167 688 2219 quam
699 2151 784 2220 ipsrus
793 2157 875 2202 vroto·

72 2221 123 2274 riae
132 2220 198 2276 luit:
219 2221 352 2293 siquidem
367 2230 391 2276 et
405 2224 502 2276 amicos
516 2224 637 2278 Demetrii
652 2241 702 2277 non
714 2223 800 2276 solum
812 2240 872 2276 carm

72 2295 125 2349 suis
140 2296 230 2361 fabae,
245 2297 426 2352 verumetiam
442 2299 537 2352 additis
549 2298 656 2368 insuper
667 2299 823 2352 muneribus
834 2297 875 2351 di-

75 2371 155 2436 misit3
174 2379 200 2426 et
210 2370 295 2442 ipsius
307 2373 428 2426 Demetrii
438 2373 570 2444 privatum
581 2391 659 2427 omne
669 2373 874 2428 instrumentum

74 2461 102 2498 ac
110 2445 240 2501 familiam
250 2446 372 2511 reddidit,
388 2448 487 2502 adiecto
497 2448 594 2501 honore
606 2449 762 2504 verboram:
783 2466 835 2500 non
847 2465 874 2499 ae

72 2531 177 2588 propter
187 2526 324 2589 praedam,
341 2528 385 2577 sed
395 2532 504 2592 propter
518 2528 668 2591 alienitatem
678 2529 757 2578 inisse
767 2525 874 2584 bellam:
945 2525 952 2538 '

75 2598 243 2663 indipnatam,
265 2602 334 2665 qaod
351 2599 494 2666 Antigonae
508 2602 614 2651 devictis
628 2602 745 2650 diuersae
754 2596 877 2662 factionis

74 2672 180 2726 dacibus
189 2673 261 2724 solas
274 2678 414 2726 commanis
426 2677 552 2726 uictoriae
563 2675 684 2738 praemia
699 2668 876 2731 corripuisset.

110 2761 229 2816 Iasrmas.
699 2756 710 2807 1
