2022 3010
115 185 148 236 38
349 188 499 234 IUSTINI
517 185 673 232 HISTOR.

115 297 140 343 et
149 288 266 342 hostium
275 285 430 350 ministerio,
443 287 573 357 possessio
582 285 720 340 Tarentina
729 283 878 338 Partheniis
888 283 917 338 in

115 371 249 416 aeternum
264 359 382 416 lundata.
414 359 454 415 Oh
464 361 541 415 cuius
551 360 672 415 beneficii
682 357 838 413 memoriam
848 359 919 412 Phe-

114 437 185 491 lanto
195 435 300 491 divinos
312 435 424 489 honores
433 435 575 490 decrevere.
606 465 608 470 ,

170 510 240 565 Cur.
261 510 293 565 V.
314 511 412 570 Interea
424 510 563 575 Messenii,
579 527 665 582 quum
679 507 776 564 virtute
790 523 844 560 non
854 523 919 578 pos·

115 591 181 649 sent,
198 601 245 656 per
259 583 369 639 insidias
380 593 575 658 expugnantur.
605 585 669 638 Dein
680 599 766 654 quum
775 597 917 653 perennes

114 678 176 714 nm
193 659 284 732 gravis
299 659 432 714 servitutis
448 661 568 724 verbere,
584 657 743 729 plerumque
758 663 783 710 et
797 653 914 720 vincula,

115 741 252 806 ceteraque
266 735 421 806 captivitatis
434 733 501 788 mala
511 733 627 804 perpessi
637 740 732 796 essent,
745 729 918 802 postlongem

114 827 260 881 poenarum
273 809 434 880 patientiam,
446 808 547 862 bellum
559 813 713 862 restaurant.
743 804 920 860 Lacedaemo-

115 884 155 938 nii
174 901 281 956 quoque
299 901 330 937 eo
348 882 521 953 conspiretius
540 882 574 936 ad
590 899 662 936 erma
677 887 844 943 concurrunt,
861 895 919 950 quo

115 958 242 1012 adversus
257 975 347 1011 servos
363 957 512 1010 dimicaturi
531 956 695 1012 videbantur.
724 956 815 1026 Itaque
829 970 919 1024 quum

115 1032 179 1086 hinc
193 1031 298 1096 iniuria,
312 1030 373 1085 inde
383 1030 535 1104 indignitas,
549 1031 650 1085 animos
661 1036 775 1084 acueret:
787 1027 921 1082 Lacedae-

115 1105 207 1170 monii,
224 1105 257 1158 de
270 1105 333 1159 belli
347 1113 442 1160 eventu
452 1105 557 1161 oraculo
565 1104 672 1175 Delphis
681 1102 921 1167 consultc,*iuben-

114 1188 158 1232 tur
172 1179 267 1234 ducem
281 1179 343 1233 helli
358 1180 391 1233 ab
400 1179 606 1234 Atheniensibus
619 1187 713 1250 petere.
744 1179 823 1232 Porro
835 1176 921 1231 Athe-

116 1253 229 1318 nienses,
247 1271 332 1324 quum
345 1271 501 1325 responsum
511 1254 702 1328 cognovissent,
716 1253 744 1307 in
755 1259 921 1306 contemtum

115 1327 302 1397 Spartanorum
314 1329 455 1402 Tyrtaeum
465 1331 577 1400 poetam,
589 1327 714 1382 claudum
723 1326 797 1398 pede,
809 1326 918 1396 misere;

115 1402 163 1473 qui
178 1403 263 1457 trihus
278 1403 383 1474 proeliis
398 1402 483 1468 lusce,
501 1421 531 1457 eo
545 1420 631 1474 usque
640 1401 827 1474 desperationis
837 1400 923 1472 Spar-

116 1485 190 1532 tencs
205 1477 323 1544 adduxit,
339 1487 377 1543 nt,
394 1478 428 1532 ed
444 1477 658 1549 supplementum
674 1477 811 1540 exercitus,
826 1493 921 1531 servos

115 1569 179 1606 suos
194 1554 416 1619 manumitterent,
434 1553 531 1626 hisque
547 1551 739 1608 interfectorum
750 1551 922 1605 matrimonia

115 1625 314 1697 pollicerentur;
335 1636 366 1684 ut
379 1645 433 1683 non
450 1645 560 1684 numero
571 1635 673 1683 tanturn
684 1626 841 1680 emissorum
851 1625 923 1678 civi-

116 1715 173 1764 um,
190 1701 237 1754 sed
250 1712 275 1754 et
288 1702 418 1774 dignitati,
435 1702 610 1758 succederent.
641 1700 692 1756 Sed
708 1717 782 1773 reges
791 1699 923 1754 Lacedae-

116 1775 276 1838 monimum,
294 1792 335 1839 ne,
352 1784 440 1829 contra
455 1776 588 1831 fortunam
599 1775 752 1850 pugnand0,
764 1775 863 1829 maiore
873 1775 923 1828 de—

116 1847 238 1901 trimenta
253 1847 352 1902 civitati
367 1848 523 1922 infligerent,
540 1850 663 1904 reducere
672 1850 815 1904 exercitum
827 1847 925 1906 volue-

116 1927 192 1985 runt,
214 1921 242 1976 ni
266 1921 448 1978 intervenisset
467 1925 606 1997 Tyrtaeus,
628 1925 676 1997 qui
701 1924 844 1995 composita
862 1941 925 1978 cer-

115 1995 189 2050 mina
204 1997 328 2051 exercitui
339 2015 386 2068 pro
397 1999 521 2054 concione
531 2000 660 2066 recitavit,
683 1999 710 2053 in
721 1999 821 2070 quihus
830 1998 925 2052 horta-

116 2078 204 2127 menta
220 2071 334 2137 virtutis,
354 2073 513 2128 damnorum
530 2075 628 2137 solatia,
644 2072 706 2128 belli
721 2073 839 2138 consilia,
856 2090 926 2128 con-

116 2147 265 2218 scripserat.
295 2149 385 2220 lteque
399 2155 500 2203 tantum
511 2149 630 2204 ardorem
641 2147 771 2202 militibus
781 2147 878 2212 iniecit,
890 2157 927 2202 ut

116 2239 170 2276 non
193 2221 226 2276 de
240 2221 332 2288 salute,
350 2219 394 2278 sed
408 2223 440 2277 de
454 2223 587 2295 sepultura
606 2221 718 2286 solliciti,
736 2230 859 2286 tesserae,
877 2222 927 2276 in-

117 2294 227 2364 sculptis
240 2297 297 2351 suis
314 2305 338 2351 et
346 2306 452 2368 petrum
463 2299 625 2362 nominibus,
637 2296 728 2351 dextro
738 2296 844 2351 hrechio
853 2295 925 2350 deli-

115 2375 221 2439 gerent:
237 2378 275 2434 ut,
288 2371 311 2422 si
323 2389 414 2425 omnes
424 2371 566 2427 adversum
579 2371 708 2443 proelium
717 2369 924 2437 consumsisset,

115 2450 141 2493 et
155 2442 280 2510 temporis
295 2445 378 2512 spatio
387 2445 495 2500 confusa
506 2463 644 2517 corporum
656 2444 812 2500 lineamenta
822 2453 925 2511 essent,

115 2512 259 2595 exflindicio
268 2515 403 2571 titulorum
414 2519 481 2573 tradi
493 2520 642 2590 sepulturae
649 2527 764 2590 possent.
785 2519 931 2586 Quumsic

115 2593 263 2640 animatum
278 2606 354 2661 reges
367 2593 511 2646 exercitum
528 2593 655 2657 viderent,
667 2601 761 2648 curant
769 2611 825 2648 rem
837 2594 931 2649 hosti-

95 2716 98 2720 ·
115 2651 167 2706 hus
186 2661 312 2716 nuntiari.
343 2664 480 2719 Messeniis
497 2674 584 2720 autem
601 2683 654 2720 non
669 2667 791 2723 timorem
805 2685 855 2732 res,
874 2671 930 2726 sed
