2016 3028
356 205 426 252 ura.-
447 206 536 252 xum.
567 207 646 252 caia.
668 207 694 249 ⁵.
874 173 924 254 aaa

121 323 180 379 que
198 311 355 376 superteetos
374 304 465 359 induci
488 305 616 360 vehiculis
636 306 720 372 iubet,
742 313 766 359 et
786 307 841 376 ipse
863 322 925 360 cum

123 381 243 436 exercitu
267 380 295 432 in
313 379 442 450 proximis
461 381 595 434 montibus
614 380 752 434 delitescit:
776 389 819 444 ut,
839 397 924 452 quum

124 462 202 510 nocte
216 471 230 508 a
249 453 387 525 praedictis
402 462 503 525 apertae
516 465 605 526 portae
619 454 710 518 forent,
727 457 878 526 tempestive
892 454 925 509 ad

125 529 238 584 insidias
254 528 355 583 adesset
369 529 515 601 urbemque
529 547 621 584 somno
635 529 736 584 aevinc
746 529 874 601 sepultam
884 548 926 584 ar-

126 605 206 659 matis
228 602 371 658 invaderet.
402 603 453 658 Sed
474 603 523 658 bas
545 603 655 660 insidias
677 603 773 658 mulier
796 603 925 676 quaedam

128 679 199 752 regis
213 686 322 752 cognata
343 677 466 750 prodidit,
487 696 556 750 quae
574 678 718 733 adulterare
741 695 801 732 cum
829 679 927 732 Graeco

127 753 289 810 adolescente
302 752 377 807 solita
391 753 418 807 in
432 752 556 825 amplexu
570 752 683 818 iuvenis,
699 753 820 807 miserata
829 752 927 808 lormac

127 829 201 893 eius,
227 827 336 882 insidias
359 829 460 899 aperuit
480 827 681 900 periculumque
699 827 827 882 declinare
847 827 925 882 iubet.

128 903 177 957 llle
193 919 249 956 rem
263 903 350 957 statim
369 902 403 956 ad
417 903 586 975 magistratus
599 901 694 956 defert:
716 913 795 974 atque
809 903 844 956 ita
856 909 928 974 pate-

126 977 203 1032 factis
222 976 325 1031 insidiis
338 977 425 1032 euncti
439 978 550 1051 Ligures
564 976 829 1049 comprehenduntur,
847 975 929 1032 lateu-

127 1063 222 1124 tesque
241 1050 273 1106 de
287 1052 396 1124 scirpeis
409 1051 605 1122 protrahuntur.
635 1051 738 1116 Quibus
752 1052 876 1106 omnibus
885 1053 928 1106 in-

127 1125 250 1191 teriectis,
263 1126 399 1181 insidianti
408 1126 463 1200 regi
473 1125 584 1181 insidiae
592 1126 745 1180 tenduntur.
776 1125 928 1182 Camasunt

128 1219 191 1256 cum
205 1201 263 1273 ipso
273 1219 334 1274 rege
343 1201 458 1256 hostium
471 1209 570 1274 septem
580 1201 673 1256 millia.
703 1201 806 1256 Exinde
815 1201 928 1256 Massili-

127 1293 206 1331 enses
219 1275 292 1330 lestis
305 1275 399 1330 diebus
412 1283 498 1346 portas
513 1275 640 1342 claudere,
656 1276 761 1350 vigilias
776 1295 860 1350 agere,
876 1285 929 1332 sta·

127 1353 228 1406 tionem
247 1351 276 1405 in
294 1351 379 1404 muris
398 1351 544 1416 observare,
565 1353 715 1425 peregrinos
736 1369 926 1426 recognoscere,

127 1443 207 1482 curas
220 1425 324 1490 habere,
339 1442 368 1480 ac
384 1424 463 1479 veluti
478 1425 579 1482 bellum
594 1427 715 1492 habeant,
730 1427 769 1480 sic
779 1427 872 1480 urbem
882 1443 930 1498 pa-

128 1502 169 1556 cis
184 1500 345 1572 temporibus
355 1501 495 1556 custodire.
515 1501 586 1556 Adeo
595 1500 650 1555 illic
658 1501 725 1554 bena
737 1500 863 1565 instituta,
875 1516 928 1553 non

128 1586 279 1647 tempomm
298 1575 455 1641 necessitate,
472 1575 518 1630 sed
531 1584 598 1630 recte
614 1574 725 1630 faciendi
741 1572 930 1629 consuetudine

130 1656 280 1705 servantur.

187 1725 255 1780 Cae.
275 1725 308 1780 V.
328 1725 390 1778 Post
398 1724 462 1780 haec
470 1743 566 1800 magua
576 1725 629 1779 illis
640 1742 701 1779 cum
711 1723 864 1798 liguribus,
873 1739 930 1777 ma-

129 1816 261 1874 gnaeum
276 1797 359 1854 Gallis
373 1797 445 1854 luere
460 1798 544 1855 bella:
564 1817 632 1872 quae
648 1817 688 1854 res
697 1807 722 1854 et
733 1797 808 1854 urbis
818 1797 929 1872 gloriam

130 1873 216 1937 auxit,
231 1881 256 1928 et
267 1875 389 1928 virtutem
400 1873 558 1930 Graecorum
567 1873 737 1946 multiplicata
749 1873 854 1929 victoria
864 1873 930 1928 cele-

130 1945 207 2004 brem
222 1949 289 2002 inter
304 1948 429 2004 finitimos
444 1949 565 2004 reddidit.
595 1948 852 2024 Carthaginiensium
863 1966 931 2021 quo-

131 2041 187 2096 que
196 2023 333 2088 exercitus,
349 2041 435 2095 quum
446 2023 547 2078 bellum
557 2025 638 2095 captis
648 2026 804 2096 piscatorum
816 2025 930 2079 navibus

130 2105 220 2153 ortum
233 2106 306 2164 esset,
322 2116 399 2170 saepe
414 2097 538 2155 luderunt
546 2117 689 2172 pacemque
700 2099 776 2154 victis
786 2098 928 2166 dederunt;

130 2190 196 2228 cum
206 2172 327 2245 Hispanis
340 2173 482 2228 amicitiam
492 2175 648 2243 iunxerunt,
664 2191 727 2244 oum
737 2174 860 2228 Romanis
869 2190 931 2245 pro-

131 2265 166 2321 pe
180 2248 213 2302 ab
231 2247 305 2304 initio
314 2248 431 2304 conditae
441 2249 516 2304 urbis
526 2247 616 2304 loedus
625 2265 730 2303 summa
740 2247 791 2302 fide
802 2248 931 2303 custodie·

134 2330 197 2377 runt
210 2322 372 2395 auxiliisque
385 2323 413 2379 in
426 2324 550 2379 omnibus
564 2323 640 2378 bellis
658 2323 786 2378 industrie
796 2323 879 2378 socios
889 2323 931 2377 iu-

133 2406 240 2453 verunt.
269 2397 342 2465 Quae
355 2415 396 2453 res
409 2397 462 2453 illis
474 2406 500 2453 et
514 2399 610 2453 virium
626 2398 749 2453 fiduciam
767 2399 842 2454 auxit
850 2407 931 2469 etpa-

133 2489 191 2526 cem
205 2473 238 2527 ab
251 2473 371 2528 hostibus
380 2473 516 2545 praestitit.
546 2473 635 2541 Quum
644 2473 725 2546 igitur
738 2472 852 2528 Massilia
862 2470 931 2526 lama

133 2564 224 2601 rerum
240 2555 373 2620 gestarum
387 2554 413 2601 et
425 2547 586 2603 abundantia
598 2566 679 2620 opum
693 2555 718 2602 et
735 2547 833 2601 virium
848 2545 931 2619 gloria

133 2621 235 2676 virente
250 2620 358 2685 floreret,
374 2633 478 2694 repente
491 2622 598 2678 finitimi
611 2620 703 2695 populi
711 2620 745 2676 ad
757 2637 853 2675 nomen
863 2620 932 2675 llas-

133 2695 283 2751 silicnsium
297 2695 446 2762 delendum,
468 2697 547 2754 veluti
561 2697 596 2753 ad
608 2713 748 2752 commune
761 2695 933 2766 exstiuguen·
