<?xml version="1.0" encoding="UTF-8"?>
<!DOCTYPE html PUBLIC "-//W3C//DTD XHTML 1.0 Transitional//EN"
    "http://www.w3.org/TR/xhtml1/DTD/xhtml1-transitional.dtd">
<html xmlns="http://www.w3.org/1999/xhtml" xml:lang="en" lang="en">
 <head>
  <title>
</title>
<meta http-equiv="Content-Type" content="text/html;charset=utf-8" />
  <meta name='ocr-system' content='tesseract 3.04.00' />
  <meta name='ocr-capabilities' content='ocr_page ocr_carea ocr_par ocr_line ocrx_word'/>
</head>
<body>
  <div class='ocr_page' id='page_1' title='image "./justinihistoria00justgoog_0222.png"; bbox 0 0 2016 3028; ppageno 0'>
   <div class='ocr_carea' id='block_1_1' title="bbox 319 158 891 213">
    <p class='ocr_par' dir='ltr' id='par_1_1' title="bbox 319 158 891 213">
     <span class='ocr_line' id='line_1_1' title="bbox 319 158 891 213; baseline 0.01 -9"><span class='ocrx_word' id='word_1_1' title='bbox 319 158 390 206; x_wconf 74' lang='grc' dir='ltr'>ΜΒ.</span> <span class='ocrx_word' id='word_1_2' title='bbox 409 161 505 208; x_wconf 77' lang='lat' dir='ltr'>xm.</span> <span class='ocrx_word' id='word_1_3' title='bbox 527 162 606 208; x_wconf 70' lang='lat' dir='ltr'>CAP.</span> <span class='ocrx_word' id='word_1_4' title='bbox 630 162 654 206; x_wconf 80' lang='grc'>3.</span> <span class='ocrx_word' id='word_1_5' title='bbox 841 159 891 213; x_wconf 74' lang='lat'>209</span> 
     </span>
    </p>
   </div>
   <div class='ocr_carea' id='block_1_2' title="bbox 78 257 892 692">
    <p class='ocr_par' dir='ltr' id='par_1_2' title="bbox 78 257 892 631">
     <span class='ocr_line' id='line_1_2' title="bbox 80 257 892 334; baseline 0.005 -20"><span class='ocrx_word' id='word_1_6' title='bbox 80 259 178 314; x_wconf 81' lang='lat' dir='ltr'>ti&#39;atum</span> <span class='ocrx_word' id='word_1_7' title='bbox 188 265 237 324; x_wconf 88' lang='lat' dir='ltr'>est,</span> <span class='ocrx_word' id='word_1_8' title='bbox 245 271 297 314; x_wconf 90' lang='lat' dir='ltr'>non</span> <span class='ocrx_word' id='word_1_9' title='bbox 305 258 379 314; x_wconf 86' lang='lat' dir='ltr'>aliter</span> <span class='ocrx_word' id='word_1_10' title='bbox 383 269 465 332; x_wconf 81' lang='lat' dir='ltr'>quam</span> <span class='ocrx_word' id='word_1_11' title='bbox 474 261 498 314; x_wconf 87' lang='lat' dir='ltr'>si</span> <span class='ocrx_word' id='word_1_12' title='bbox 508 257 651 334; x_wconf 87' lang='lat' dir='ltr'>urbsoapta</span> <span class='ocrx_word' id='word_1_13' title='bbox 657 269 734 327; x_wconf 82' lang='lat' dir='ltr'>esset,</span> <span class='ocrx_word' id='word_1_14' title='bbox 741 279 834 318; x_wconf 86' lang='lat' dir='ltr'>omnes</span> <span class='ocrx_word' id='word_1_15' title='bbox 840 271 892 317; x_wconf 86' lang='lat' dir='ltr'>tre·</span> 
     </span>
     <span class='ocr_line' id='line_1_3' title="bbox 81 333 890 410; baseline 0.004 -22"><span class='ocrx_word' id='word_1_16' title='bbox 81 333 216 406; x_wconf 81' lang='lat' dir='ltr'>pidavere,</span> <span class='ocrx_word' id='word_1_17' title='bbox 229 333 430 406; x_wconf 22' lang='lat' dir='ltr'>*exitiosamque</span> <span class='ocrx_word' id='word_1_18' title='bbox 448 336 501 390; x_wconf 90' lang='lat' dir='ltr'>sibi</span> <span class='ocrx_word' id='word_1_19' title='bbox 519 335 611 410; x_wconf 80' lang='lat' dir='ltr'>lugam</span> <span class='ocrx_word' id='word_1_20' title='bbox 623 337 681 392; x_wconf 83' lang='lat' dir='ltr'>eius</span> <span class='ocrx_word' id='word_1_21' title='bbox 692 338 801 392; x_wconf 90' lang='lat' dir='ltr'>ominati</span> <span class='ocrx_word' id='word_1_22' title='bbox 816 345 890 394; x_wconf 60' lang='lat' dir='ltr'>sune</span> 
     </span>
     <span class='ocr_line' id='line_1_4' title="bbox 82 409 891 482; baseline 0.005 -20"><span class='ocrx_word' id='word_1_23' title='bbox 82 409 198 481; x_wconf 79' lang='lat' dir='ltr'>Legatus</span> <span class='ocrx_word' id='word_1_24' title='bbox 210 409 421 474; x_wconf 84' lang='lat' dir='ltr'>verollomanus,</span> <span class='ocrx_word' id='word_1_25' title='bbox 428 411 505 482; x_wconf 87' lang='lat' dir='ltr'>quasi</span> <span class='ocrx_word' id='word_1_26' title='bbox 515 410 615 466; x_wconf 89' lang='lat' dir='ltr'>bellum</span> <span class='ocrx_word' id='word_1_27' title='bbox 626 412 679 466; x_wconf 88' lang='lat' dir='ltr'>iam</span> <span class='ocrx_word' id='word_1_28' title='bbox 690 410 793 467; x_wconf 86' lang='lat' dir='ltr'>illatum</span> <span class='ocrx_word' id='word_1_29' title='bbox 803 412 891 466; x_wconf 89' lang='lat' dir='ltr'>Italiae</span> 
     </span>
     <span class='ocr_line' id='line_1_5' title="bbox 83 482 891 560; baseline 0.005 -24"><span class='ocrx_word' id='word_1_30' title='bbox 83 491 118 537; x_wconf 86' lang='lat' dir='ltr'>ab</span> <span class='ocrx_word' id='word_1_31' title='bbox 128 482 276 537; x_wconf 75' lang='lat' dir='ltr'>Hannibale</span> <span class='ocrx_word' id='word_1_32' title='bbox 285 491 359 549; x_wconf 85' lang='lat' dir='ltr'>esset,</span> <span class='ocrx_word' id='word_1_33' title='bbox 367 485 459 540; x_wconf 82' lang='lat' dir='ltr'>tacitus</span> <span class='ocrx_word' id='word_1_34' title='bbox 467 485 576 540; x_wconf 88' lang='lat' dir='ltr'>Romam</span> <span class='ocrx_word' id='word_1_35' title='bbox 582 486 736 560; x_wconf 73' lang='lat' dir='ltr'>regreditur,</span> <span class='ocrx_word' id='word_1_36' title='bbox 744 487 891 558; x_wconf 87' lang='lat' dir='ltr'>trepidum-</span> 
     </span>
     <span class='ocr_line' id='line_1_6' title="bbox 78 557 763 631; baseline 0.001 -19"><span class='ocrx_word' id='word_1_37' title='bbox 78 575 136 630; x_wconf 81' lang='lat' dir='ltr'>que</span> <span class='ocrx_word' id='word_1_38' title='bbox 150 557 275 612; x_wconf 90' lang='lat' dir='ltr'>nuntium</span> <span class='ocrx_word' id='word_1_39' title='bbox 287 557 372 613; x_wconf 82' lang='lat' dir='ltr'>refert.</span> <span class='ocrx_word' id='word_1_40' title='bbox 760 625 763 631; x_wconf 23' lang='grc' dir='ltr'>Ι</span> 
     </span>
    </p>

    <p class='ocr_par' dir='ltr' id='par_1_3' title="bbox 137 631 890 692">
     <span class='ocr_line' id='line_1_7' title="bbox 137 631 890 692; baseline 0.007 -7"><span class='ocrx_word' id='word_1_41' title='bbox 137 631 210 692; x_wconf 72' lang='lat' dir='ltr'>Cur.</span> <span class='ocrx_word' id='word_1_42' title='bbox 224 633 270 686; x_wconf 87' lang='lat' dir='ltr'>lll.</span> <span class='ocrx_word' id='word_1_43' title='bbox 283 633 389 688; x_wconf 82' lang='lat' dir='ltr'>Interim</span> <span class='ocrx_word' id='word_1_44' title='bbox 399 634 428 689; x_wconf 93' lang='lat' dir='ltr'>in</span> <span class='ocrx_word' id='word_1_45' title='bbox 434 633 541 689; x_wconf 84' lang='lat' dir='ltr'>Graecia</span> <span class='ocrx_word' id='word_1_46' title='bbox 551 634 720 690; x_wconf 83' lang='lat' dir='ltr'><strong>Flamininus</strong></span> <span class='ocrx_word' id='word_1_47' title='bbox 730 635 819 690; x_wconf 87' lang='lat' dir='ltr'>innota</span> <span class='ocrx_word' id='word_1_48' title='bbox 828 653 890 690; x_wconf 86' lang='lat' dir='ltr'>eum</span> 
     </span>
    </p>
   </div>
   <div class='ocr_carea' id='block_1_3' title="bbox 80 705 998 783">
    <p class='ocr_par' dir='ltr' id='par_1_4' title="bbox 80 705 998 783">
     <span class='ocr_line' id='line_1_8' title="bbox 80 705 998 783; baseline -0.001 -22"><span class='ocrx_word' id='word_1_49' title='bbox 80 705 248 778; x_wconf 81' lang='lat' dir='ltr'>quibusdam</span> <span class='ocrx_word' id='word_1_50' title='bbox 271 708 421 764; x_wconf 83' lang='lat' dir='ltr'>civitatibus</span> <span class='ocrx_word' id='word_1_51' title='bbox 445 710 565 765; x_wconf 85' lang='lat' dir='ltr'>societate</span> <span class='ocrx_word' id='word_1_52' title='bbox 590 710 721 765; x_wconf 79' lang='lat' dir='ltr'><strong>Nabidem</strong></span> <span class='ocrx_word' id='word_1_53' title='bbox 744 718 890 783; x_wconf 81' lang='lat' dir='ltr'>tyrannum</span> <span class='ocrx_word' id='word_1_54' title='bbox 995 754 998 760; x_wconf 77' lang='grc'>,</span> 
     </span>
    </p>
   </div>
   <div class='ocr_carea' id='block_1_4' title="bbox 10 782 969 2726">
    <p class='ocr_par' dir='ltr' id='par_1_5' title="bbox 10 782 969 2644">
     <span class='ocr_line' id='line_1_9' title="bbox 81 782 890 858; baseline 0.002 -22"><span class='ocrx_word' id='word_1_55' title='bbox 81 782 190 836; x_wconf 83' lang='lat' dir='ltr'>duobus</span> <span class='ocrx_word' id='word_1_56' title='bbox 205 782 337 836; x_wconf 78' lang='lat' dir='ltr'>mutinuis</span> <span class='ocrx_word' id='word_1_57' title='bbox 349 783 456 854; x_wconf 80' lang='lat' dir='ltr'>proeliis</span> <span class='ocrx_word' id='word_1_58' title='bbox 470 784 588 858; x_wconf 79' lang='lat' dir='ltr'>subegit3</span> <span class='ocrx_word' id='word_1_59' title='bbox 610 792 635 838; x_wconf 89' lang='lat' dir='ltr'>et</span> <span class='ocrx_word' id='word_1_60' title='bbox 650 784 765 857; x_wconf 80' lang='lat' dir='ltr'>graviter</span> <span class='ocrx_word' id='word_1_61' title='bbox 777 783 890 840; x_wconf 77' lang='lat' dir='ltr'>fractum</span> 
     </span>
     <span class='ocr_line' id='line_1_10' title="bbox 82 855 891 932; baseline 0.001 -21"><span class='ocrx_word' id='word_1_62' title='bbox 82 855 159 911; x_wconf 86' lang='lat' dir='ltr'>velut</span> <span class='ocrx_word' id='word_1_63' title='bbox 168 873 332 930; x_wconf 79' lang='lat' dir='ltr'>exsanguem</span> <span class='ocrx_word' id='word_1_64' title='bbox 346 859 372 912; x_wconf 91' lang='lat' dir='ltr'>in</span> <span class='ocrx_word' id='word_1_65' title='bbox 383 862 465 932; x_wconf 82' lang='lat' dir='ltr'>regno</span> <span class='ocrx_word' id='word_1_66' title='bbox 474 859 590 930; x_wconf 88' lang='lat' dir='ltr'>reliquit.</span> <span class='ocrx_word' id='word_1_67' title='bbox 620 859 672 913; x_wconf 89' lang='lat' dir='ltr'>Sed</span> <span class='ocrx_word' id='word_1_68' title='bbox 682 857 800 914; x_wconf 85' lang='lat' dir='ltr'>libertate</span> <span class='ocrx_word' id='word_1_69' title='bbox 808 858 891 914; x_wconf 59' lang='lat' dir='ltr'>Grae&lt;</span> 
     </span>
     <span class='ocr_line' id='line_1_11' title="bbox 10 931 890 1006; baseline 0.003 -21"><span class='ocrx_word' id='word_1_70' title='bbox 10 995 11 1000; x_wconf 7' lang='grc' dir='ltr'>ἵ</span> <span class='ocrx_word' id='word_1_71' title='bbox 80 931 139 986; x_wconf 81' lang='lat' dir='ltr'>niae</span> <span class='ocrx_word' id='word_1_72' title='bbox 153 931 272 986; x_wconf 74' lang='lat' dir='ltr'>restituta</span> <span class='ocrx_word' id='word_1_73' title='bbox 286 931 459 1006; x_wconf 79' lang='lat' dir='ltr'>deductisque</span> <span class='ocrx_word' id='word_1_74' title='bbox 473 933 507 988; x_wconf 88' lang='lat' dir='ltr'>ab</span> <span class='ocrx_word' id='word_1_75' title='bbox 516 933 630 988; x_wconf 85' lang='lat' dir='ltr'>urbibus</span> <span class='ocrx_word' id='word_1_76' title='bbox 639 933 788 1006; x_wconf 77' lang='lat' dir='ltr'>praesidiis,</span> <span class='ocrx_word' id='word_1_77' title='bbox 803 949 890 1006; x_wconf 87' lang='lat' dir='ltr'>quum</span> 
     </span>
     <span class='ocr_line' id='line_1_12' title="bbox 10 1001 969 1080; baseline 0.004 -21"><span class='ocrx_word' id='word_1_78' title='bbox 10 1001 11 1050; x_wconf 77' lang='lat' dir='ltr'>l</span> <span class='ocrx_word' id='word_1_79' title='bbox 83 1007 222 1070; x_wconf 80' lang='lat' dir='ltr'>Romanus</span> <span class='ocrx_word' id='word_1_80' title='bbox 243 1007 373 1062; x_wconf 85' lang='lat' dir='ltr'>exercitus</span> <span class='ocrx_word' id='word_1_81' title='bbox 391 1008 419 1062; x_wconf 91' lang='lat' dir='ltr'>in</span> <span class='ocrx_word' id='word_1_82' title='bbox 440 1006 541 1062; x_wconf 89' lang='lat' dir='ltr'>ltaliam</span> <span class='ocrx_word' id='word_1_83' title='bbox 561 1016 708 1080; x_wconf 84' lang='lat' dir='ltr'>reportatus</span> <span class='ocrx_word' id='word_1_84' title='bbox 724 1017 800 1074; x_wconf 88' lang='lat' dir='ltr'>esset,</span> <span class='ocrx_word' id='word_1_85' title='bbox 816 1007 890 1072; x_wconf 79' lang='lat' dir='ltr'>velut</span> <span class='ocrx_word' id='word_1_86' title='bbox 967 1067 969 1072; x_wconf 10' lang='grc' dir='ltr'><strong>λ</strong></span> 
     </span>
     <span class='ocr_line' id='line_1_13' title="bbox 10 1081 889 1153; baseline 0.005 -18"><span class='ocrx_word' id='word_1_87' title='bbox 10 1087 11 1090; x_wconf 76' lang='grc'>’</span> <span class='ocrx_word' id='word_1_88' title='bbox 85 1097 167 1136; x_wconf 80' lang='lat' dir='ltr'>vacua</span> <span class='ocrx_word' id='word_1_89' title='bbox 187 1094 280 1136; x_wconf 86' lang='lat' dir='ltr'>rursus</span> <span class='ocrx_word' id='word_1_90' title='bbox 294 1083 458 1153; x_wconf 78' lang='lat' dir='ltr'>possessione</span> <span class='ocrx_word' id='word_1_91' title='bbox 480 1081 643 1148; x_wconf 87' lang='lat' dir='ltr'>sollicitatus,</span> <span class='ocrx_word' id='word_1_92' title='bbox 660 1082 758 1138; x_wconf 88' lang='lat' dir='ltr'>multas</span> <span class='ocrx_word' id='word_1_93' title='bbox 771 1083 889 1139; x_wconf 82' lang='lat' dir='ltr'>civitates</span> 
     </span>
     <span class='ocr_line' id='line_1_14' title="bbox 10 1155 888 1228; baseline 0.008 -21"><span class='ocrx_word' id='word_1_94' title='bbox 10 1213 11 1216; x_wconf 8' lang='grc' dir='ltr'><strong>Ἴ</strong></span> <span class='ocrx_word' id='word_1_95' title='bbox 83 1155 220 1228; x_wconf 84' lang='lat' dir='ltr'>repentino</span> <span class='ocrx_word' id='word_1_96' title='bbox 231 1155 298 1211; x_wconf 88' lang='lat' dir='ltr'>bello</span> <span class='ocrx_word' id='word_1_97' title='bbox 307 1157 414 1212; x_wconf 88' lang='lat' dir='ltr'>invasit.</span> <span class='ocrx_word' id='word_1_98' title='bbox 444 1157 549 1224; x_wconf 88' lang='lat' dir='ltr'>Quibus</span> <span class='ocrx_word' id='word_1_99' title='bbox 564 1159 642 1214; x_wconf 83' lang='lat' dir='ltr'>rebus</span> <span class='ocrx_word' id='word_1_100' title='bbox 655 1159 770 1214; x_wconf 83' lang='lat' dir='ltr'>exterriti</span> <span class='ocrx_word' id='word_1_101' title='bbox 780 1158 888 1224; x_wconf 81' lang='lat' dir='ltr'>Achaei,</span> 
     </span>
     <span class='ocr_line' id='line_1_15' title="bbox 82 1229 889 1306; baseline 0.004 -22"><span class='ocrx_word' id='word_1_102' title='bbox 82 1245 118 1284; x_wconf 86' lang='lat' dir='ltr'>na</span> <span class='ocrx_word' id='word_1_103' title='bbox 128 1229 248 1285; x_wconf 87' lang='lat' dir='ltr'>vieinum</span> <span class='ocrx_word' id='word_1_104' title='bbox 262 1231 363 1288; x_wconf 84' lang='lat' dir='ltr'>malum</span> <span class='ocrx_word' id='word_1_105' title='bbox 373 1232 453 1286; x_wconf 86' lang='lat' dir='ltr'>etiam</span> <span class='ocrx_word' id='word_1_106' title='bbox 462 1232 496 1286; x_wconf 89' lang='lat' dir='ltr'>ad</span> <span class='ocrx_word' id='word_1_107' title='bbox 506 1249 534 1288; x_wconf 87' lang='lat' dir='ltr'>se</span> <span class='ocrx_word' id='word_1_108' title='bbox 543 1241 664 1306; x_wconf 80' lang='lat' dir='ltr'>serperet,</span> <span class='ocrx_word' id='word_1_109' title='bbox 679 1234 779 1289; x_wconf 86' lang='lat' dir='ltr'>bellum</span> <span class='ocrx_word' id='word_1_110' title='bbox 795 1233 889 1289; x_wconf 85' lang='lat' dir='ltr'>adver-</span> 
     </span>
     <span class='ocr_line' id='line_1_16' title="bbox 82 1303 889 1380; baseline 0.005 -21"><span class='ocrx_word' id='word_1_111' title='bbox 82 1321 131 1360; x_wconf 87' lang='lat' dir='ltr'>sus</span> <span class='ocrx_word' id='word_1_112' title='bbox 138 1303 268 1359; x_wconf 81' lang='lat' dir='ltr'>Nabidem</span> <span class='ocrx_word' id='word_1_113' title='bbox 278 1304 422 1361; x_wconf 81' lang='lat' dir='ltr'>decernunt</span> <span class='ocrx_word' id='word_1_114' title='bbox 430 1307 578 1379; x_wconf 79' lang='lat' dir='ltr'>ducemque</span> <span class='ocrx_word' id='word_1_115' title='bbox 585 1316 728 1380; x_wconf 79' lang='lat' dir='ltr'>praetorem</span> <span class='ocrx_word' id='word_1_116' title='bbox 739 1308 889 1363; x_wconf 70' lang='lat' dir='ltr'>suumbhi-</span> 
     </span>
     <span class='ocr_line' id='line_1_17' title="bbox 82 1380 886 1454; baseline 0.006 -21"><span class='ocrx_word' id='word_1_117' title='bbox 82 1380 274 1452; x_wconf 86' lang='lat' dir='ltr'>lopoemenam,</span> <span class='ocrx_word' id='word_1_118' title='bbox 295 1381 409 1454; x_wconf 82' lang='lat' dir='ltr'>insignis</span> <span class='ocrx_word' id='word_1_119' title='bbox 428 1381 573 1437; x_wconf 85' lang='lat' dir='ltr'>industriae</span> <span class='ocrx_word' id='word_1_120' title='bbox 592 1383 688 1446; x_wconf 82' lang='lat' dir='ltr'>virum,</span> <span class='ocrx_word' id='word_1_121' title='bbox 709 1383 886 1438; x_wconf 85' lang='lat' dir='ltr'>eonstituunt:</span> 
     </span>
     <span class='ocr_line' id='line_1_18' title="bbox 77 1454 890 1529; baseline -0.005 -15"><span class='ocrx_word' id='word_1_122' title='bbox 77 1454 162 1514; x_wconf 81' lang='lat' dir='ltr'>cuius</span> <span class='ocrx_word' id='word_1_123' title='bbox 174 1455 203 1509; x_wconf 90' lang='lat' dir='ltr'>in</span> <span class='ocrx_word' id='word_1_124' title='bbox 215 1471 246 1509; x_wconf 91' lang='lat' dir='ltr'>eo</span> <span class='ocrx_word' id='word_1_125' title='bbox 254 1455 323 1510; x_wconf 87' lang='lat' dir='ltr'>bello</span> <span class='ocrx_word' id='word_1_126' title='bbox 333 1463 403 1510; x_wconf 84' lang='lat' dir='ltr'>tanta</span> <span class='ocrx_word' id='word_1_127' title='bbox 413 1456 498 1513; x_wconf 81' lang='lat' dir='ltr'>virtus</span> <span class='ocrx_word' id='word_1_128' title='bbox 509 1457 612 1522; x_wconf 84' lang='lat' dir='ltr'>enituit,</span> <span class='ocrx_word' id='word_1_129' title='bbox 624 1465 654 1512; x_wconf 89' lang='lat' dir='ltr'>ut</span> <span class='ocrx_word' id='word_1_130' title='bbox 669 1457 792 1529; x_wconf 89' lang='lat' dir='ltr'>opinione</span> <span class='ocrx_word' id='word_1_131' title='bbox 801 1457 890 1512; x_wconf 88' lang='lat' dir='ltr'>omni-</span> 
     </span>
     <span class='ocr_line' id='line_1_19' title="bbox 82 1527 889 1603; baseline 0 -19"><span class='ocrx_word' id='word_1_132' title='bbox 82 1547 130 1584; x_wconf 92' lang='lat' dir='ltr'>um</span> <span class='ocrx_word' id='word_1_133' title='bbox 141 1527 301 1592; x_wconf 77' lang='lat' dir='ltr'>Flaminino,</span> <span class='ocrx_word' id='word_1_134' title='bbox 312 1531 598 1603; x_wconf 85' lang='lat' dir='ltr'>Romanoirnperatori,</span> <span class='ocrx_word' id='word_1_135' title='bbox 611 1539 812 1603; x_wconf 82' lang='lat' dir='ltr'>eompararetur.</span> <span class='ocrx_word' id='word_1_136' title='bbox 836 1532 889 1585; x_wconf 87' lang='lat' dir='ltr'>Eo-</span> 
     </span>
     <span class='ocr_line' id='line_1_20' title="bbox 80 1605 889 1679; baseline 0.001 -21"><span class='ocrx_word' id='word_1_137' title='bbox 80 1605 144 1659; x_wconf 84' lang='lat' dir='ltr'>dem</span> <span class='ocrx_word' id='word_1_138' title='bbox 158 1611 276 1676; x_wconf 83' lang='lat' dir='ltr'>tempore</span> <span class='ocrx_word' id='word_1_139' title='bbox 284 1605 425 1671; x_wconf 87' lang='lat' dir='ltr'>Hannibal,</span> <span class='ocrx_word' id='word_1_140' title='bbox 441 1623 527 1679; x_wconf 90' lang='lat' dir='ltr'>quum</span> <span class='ocrx_word' id='word_1_141' title='bbox 537 1606 571 1660; x_wconf 92' lang='lat' dir='ltr'>ad</span> <span class='ocrx_word' id='word_1_142' title='bbox 581 1607 740 1660; x_wconf 76' lang='lat' dir='ltr'>Antiochum</span> <span class='ocrx_word' id='word_1_143' title='bbox 752 1605 889 1677; x_wconf 84' lang='lat' dir='ltr'>pervenis-</span> 
     </span>
     <span class='ocr_line' id='line_1_21' title="bbox 81 1677 890 1753; baseline 0 -19"><span class='ocrx_word' id='word_1_144' title='bbox 81 1688 130 1746; x_wconf 84' lang='lat' dir='ltr'>set,</span> <span class='ocrx_word' id='word_1_145' title='bbox 144 1677 335 1734; x_wconf 86' lang='lat' dir='ltr'>velutdeorum</span> <span class='ocrx_word' id='word_1_146' title='bbox 345 1697 444 1735; x_wconf 87' lang='lat' dir='ltr'>munus</span> <span class='ocrx_word' id='word_1_147' title='bbox 454 1681 599 1753; x_wconf 79' lang='lat' dir='ltr'>excipitur3</span> <span class='ocrx_word' id='word_1_148' title='bbox 620 1689 763 1752; x_wconf 82' lang='lat' dir='ltr'>tantusque</span> <span class='ocrx_word' id='word_1_149' title='bbox 774 1679 832 1734; x_wconf 85' lang='lat' dir='ltr'>eius</span> <span class='ocrx_word' id='word_1_150' title='bbox 841 1679 890 1734; x_wconf 87' lang='lat' dir='ltr'>ad-</span> 
     </span>
     <span class='ocr_line' id='line_1_22' title="bbox 81 1753 886 1828; baseline 0.001 -19"><span class='ocrx_word' id='word_1_151' title='bbox 81 1762 165 1809; x_wconf 79' lang='lat' dir='ltr'>ventu</span> <span class='ocrx_word' id='word_1_152' title='bbox 177 1753 256 1808; x_wconf 87' lang='lat' dir='ltr'>ardor</span> <span class='ocrx_word' id='word_1_153' title='bbox 269 1755 366 1809; x_wconf 88' lang='lat' dir='ltr'>animis</span> <span class='ocrx_word' id='word_1_154' title='bbox 381 1756 450 1828; x_wconf 83' lang='lat' dir='ltr'>regis</span> <span class='ocrx_word' id='word_1_155' title='bbox 465 1757 581 1820; x_wconf 86' lang='lat' dir='ltr'>aooessit,</span> <span class='ocrx_word' id='word_1_156' title='bbox 598 1763 690 1809; x_wconf 90' lang='lat' dir='ltr'>utnon</span> <span class='ocrx_word' id='word_1_157' title='bbox 699 1763 755 1810; x_wconf 86' lang='lat' dir='ltr'>tam</span> <span class='ocrx_word' id='word_1_158' title='bbox 765 1755 798 1809; x_wconf 87' lang='lat' dir='ltr'>de</span> <span class='ocrx_word' id='word_1_159' title='bbox 807 1753 886 1821; x_wconf 88' lang='lat' dir='ltr'>bollo,</span> 
     </span>
     <span class='ocr_line' id='line_1_23' title="bbox 79 1828 886 1904; baseline 0 -20"><span class='ocrx_word' id='word_1_160' title='bbox 79 1845 166 1902; x_wconf 88' lang='lat' dir='ltr'>quarn</span> <span class='ocrx_word' id='word_1_161' title='bbox 186 1828 219 1882; x_wconf 90' lang='lat' dir='ltr'>de</span> <span class='ocrx_word' id='word_1_162' title='bbox 233 1831 357 1900; x_wconf 87' lang='lat' dir='ltr'>praemiis</span> <span class='ocrx_word' id='word_1_163' title='bbox 373 1830 494 1886; x_wconf 88' lang='lat' dir='ltr'>viotoriae</span> <span class='ocrx_word' id='word_1_164' title='bbox 513 1831 645 1904; x_wconf 81' lang='lat' dir='ltr'>eogitaret.</span> <span class='ocrx_word' id='word_1_165' title='bbox 675 1829 726 1888; x_wconf 84' lang='lat' dir='ltr'>Sed</span> <span class='ocrx_word' id='word_1_166' title='bbox 745 1830 886 1896; x_wconf 80' lang='lat' dir='ltr'>Hannibal,</span> 
     </span>
     <span class='ocr_line' id='line_1_24' title="bbox 78 1903 886 1978; baseline 0.001 -19"><span class='ocrx_word' id='word_1_167' title='bbox 78 1905 124 1959; x_wconf 85' lang='lat' dir='ltr'>oni</span> <span class='ocrx_word' id='word_1_168' title='bbox 138 1911 198 1958; x_wconf 87' lang='lat' dir='ltr'>nota</span> <span class='ocrx_word' id='word_1_169' title='bbox 208 1903 325 1958; x_wconf 85' lang='lat' dir='ltr'>Romana</span> <span class='ocrx_word' id='word_1_170' title='bbox 335 1905 419 1960; x_wconf 87' lang='lat' dir='ltr'>virtus</span> <span class='ocrx_word' id='word_1_171' title='bbox 429 1912 492 1970; x_wconf 88' lang='lat' dir='ltr'>erat,</span> <span class='ocrx_word' id='word_1_172' title='bbox 505 1905 617 1978; x_wconf 81' lang='lat' dir='ltr'>negabat</span> <span class='ocrx_word' id='word_1_173' title='bbox 625 1905 738 1977; x_wconf 89' lang='lat' dir='ltr'>opprimi</span> <span class='ocrx_word' id='word_1_174' title='bbox 744 1906 886 1970; x_wconf 83' lang='lat' dir='ltr'>Romanos,</span> 
     </span>
     <span class='ocr_line' id='line_1_25' title="bbox 79 1977 889 2050; baseline 0.002 -16"><span class='ocrx_word' id='word_1_175' title='bbox 79 1979 137 2034; x_wconf 86' lang='lat' dir='ltr'>nisi</span> <span class='ocrx_word' id='word_1_176' title='bbox 147 1977 175 2032; x_wconf 90' lang='lat' dir='ltr'>in</span> <span class='ocrx_word' id='word_1_177' title='bbox 185 1977 267 2043; x_wconf 84' lang='lat' dir='ltr'>ltalia,</span> <span class='ocrx_word' id='word_1_178' title='bbox 279 1995 366 2050; x_wconf 87' lang='lat' dir='ltr'>posse.</span> <span class='ocrx_word' id='word_1_179' title='bbox 387 1978 428 2033; x_wconf 84' lang='lat' dir='ltr'>Ad</span> <span class='ocrx_word' id='word_1_180' title='bbox 439 1980 489 2034; x_wconf 88' lang='lat' dir='ltr'>hoo</span> <span class='ocrx_word' id='word_1_181' title='bbox 498 1980 550 2034; x_wconf 89' lang='lat' dir='ltr'>sibi</span> <span class='ocrx_word' id='word_1_182' title='bbox 560 1987 665 2036; x_wconf 78' lang='lat' dir='ltr'>eenttrm</span> <span class='ocrx_word' id='word_1_183' title='bbox 675 1998 755 2035; x_wconf 87' lang='lat' dir='ltr'>naves</span> <span class='ocrx_word' id='word_1_184' title='bbox 762 1988 791 2035; x_wconf 83' lang='lat' dir='ltr'>et</span> <span class='ocrx_word' id='word_1_185' title='bbox 798 1981 889 2036; x_wconf 85' lang='lat' dir='ltr'>deoem</span> 
     </span>
     <span class='ocr_line' id='line_1_26' title="bbox 79 2051 886 2126; baseline 0.002 -18"><span class='ocrx_word' id='word_1_186' title='bbox 79 2051 168 2109; x_wconf 85' lang='lat' dir='ltr'>millia</span> <span class='ocrx_word' id='word_1_187' title='bbox 180 2051 301 2124; x_wconf 87' lang='lat' dir='ltr'>peditum</span> <span class='ocrx_word' id='word_1_188' title='bbox 314 2061 339 2107; x_wconf 84' lang='lat' dir='ltr'>et</span> <span class='ocrx_word' id='word_1_189' title='bbox 352 2054 425 2110; x_wconf 81' lang='lat' dir='ltr'>mille</span> <span class='ocrx_word' id='word_1_190' title='bbox 438 2054 560 2126; x_wconf 84' lang='lat' dir='ltr'>equitum</span> <span class='ocrx_word' id='word_1_191' title='bbox 574 2055 704 2126; x_wconf 83' lang='lat' dir='ltr'>posoebat‚</span> <span class='ocrx_word' id='word_1_192' title='bbox 721 2055 886 2126; x_wconf 88' lang='lat' dir='ltr'>promittens,</span> 
     </span>
     <span class='ocr_line' id='line_1_27' title="bbox 78 2131 889 2199; baseline 0.001 -16"><span class='ocrx_word' id='word_1_193' title='bbox 78 2134 132 2183; x_wconf 74' lang='lat' dir='ltr'>liae</span> <span class='ocrx_word' id='word_1_194' title='bbox 147 2143 228 2181; x_wconf 81' lang='lat' dir='ltr'>mortu</span> <span class='ocrx_word' id='word_1_195' title='bbox 241 2145 294 2182; x_wconf 79' lang='lat' dir='ltr'>noo</span> <span class='ocrx_word' id='word_1_196' title='bbox 303 2132 389 2184; x_wconf 79' lang='lat' dir='ltr'>minus</span> <span class='ocrx_word' id='word_1_197' title='bbox 399 2132 500 2193; x_wconf 76' lang='lat' dir='ltr'>bellum,</span> <span class='ocrx_word' id='word_1_198' title='bbox 513 2147 592 2199; x_wconf 82' lang='lat' dir='ltr'>quam</span> <span class='ocrx_word' id='word_1_199' title='bbox 604 2135 719 2198; x_wconf 63' lang='lat' dir='ltr'>gesserit,</span> <span class='ocrx_word' id='word_1_200' title='bbox 735 2131 830 2186; x_wconf 77' lang='lat' dir='ltr'>ltaliae</span> <span class='ocrx_word' id='word_1_201' title='bbox 843 2147 889 2184; x_wconf 78' lang='lat' dir='ltr'>ra-</span> 
     </span>
     <span class='ocr_line' id='line_1_28' title="bbox 75 2204 888 2273; baseline 0.002 -15"><span class='ocrx_word' id='word_1_202' title='bbox 75 2209 282 2271; x_wconf 74' lang='lat' dir='ltr'>etourotumtm5</span> <span class='ocrx_word' id='word_1_203' title='bbox 301 2212 325 2257; x_wconf 84' lang='lat' dir='ltr'>et</span> <span class='ocrx_word' id='word_1_204' title='bbox 337 2207 366 2257; x_wconf 82' lang='lat' dir='ltr'>in</span> <span class='ocrx_word' id='word_1_205' title='bbox 379 2204 469 2258; x_wconf 77' lang='lat' dir='ltr'>Aetam</span> <span class='ocrx_word' id='word_1_206' title='bbox 481 2209 539 2273; x_wconf 74' lang='lat' dir='ltr'>rapt</span> <span class='ocrx_word' id='word_1_207' title='bbox 547 2209 646 2259; x_wconf 81' lang='lat' dir='ltr'>sedenti</span> <span class='ocrx_word' id='word_1_208' title='bbox 654 2207 849 2260; x_wconf 68' lang='lat' dir='ltr'>autoimort&#39;om</span> <span class='ocrx_word' id='word_1_209' title='bbox 857 2209 888 2260; x_wconf 78' lang='lat' dir='ltr'>dt</span> 
     </span>
     <span class='ocr_line' id='line_1_29' title="bbox 81 2277 889 2350; baseline 0.004 -18"><span class='ocrx_word' id='word_1_210' title='bbox 81 2279 369 2348; x_wconf 61' lang='lat' dir='ltr'>amatoriaeque</span> <span class='ocrx_word' id='word_1_211' title='bbox 377 2284 454 2346; x_wconf 77' lang='lat' dir='ltr'>paolo</span> <span class='ocrx_word' id='word_1_212' title='bbox 462 2283 619 2333; x_wconf 76' lang='lat' dir='ltr'>conditiones</span> <span class='ocrx_word' id='word_1_213' title='bbox 631 2282 791 2334; x_wconf 74' lang='lat' dir='ltr'>relaturam:</span> <span class='ocrx_word' id='word_1_214' title='bbox 799 2277 802 2282; x_wconf 77' lang='grc'>’</span> <span class='ocrx_word' id='word_1_215' title='bbox 810 2285 889 2350; x_wconf 77' lang='lat' dir='ltr'>peip-</span> 
     </span>
     <span class='ocr_line' id='line_1_30' title="bbox 78 2351 888 2422; baseline 0.004 -18"><span class='ocrx_word' id='word_1_216' title='bbox 78 2351 292 2420; x_wconf 73' lang='lat' dir='ltr'>paetHiopom&#39;t</span> <span class='ocrx_word' id='word_1_217' title='bbox 310 2351 377 2407; x_wconf 83' lang='lat' dir='ltr'>ballo</span> <span class='ocrx_word' id='word_1_218' title='bbox 395 2355 666 2422; x_wconf 65' lang='lat' dir='ltr'>[inarantibusduosm</span> <span class='ocrx_word' id='word_1_219' title='bbox 680 2359 781 2409; x_wconf 80' lang='lat' dir='ltr'>tantum</span> <span class='ocrx_word' id='word_1_220' title='bbox 788 2359 888 2420; x_wconf 64' lang='lat' dir='ltr'>datam</span> 
     </span>
     <span class='ocr_line' id='line_1_31' title="bbox 78 2425 888 2498; baseline 0.002 -18"><span class='ocrx_word' id='word_1_221' title='bbox 78 2435 106 2480; x_wconf 76' lang='lat' dir='ltr'>et</span> <span class='ocrx_word' id='word_1_222' title='bbox 115 2427 229 2480; x_wconf 51' lang='lat' dir='ltr'>ltaliam¹</span> <span class='ocrx_word' id='word_1_223' title='bbox 238 2430 363 2482; x_wconf 77' lang='lat' dir='ltr'>notiorem</span> <span class='ocrx_word' id='word_1_224' title='bbox 373 2431 424 2482; x_wconf 78' lang='lat' dir='ltr'>sibi</span> <span class='ocrx_word' id='word_1_225' title='bbox 430 2445 510 2492; x_wconf 78' lang='lat' dir='ltr'>uano,</span> <span class='ocrx_word' id='word_1_226' title='bbox 522 2425 718 2497; x_wconf 77' lang='lat' dir='ltr'>quampridem,</span> <span class='ocrx_word' id='word_1_227' title='bbox 729 2435 825 2498; x_wconf 66' lang='lat' dir='ltr'>laima:</span> <span class='ocrx_word' id='word_1_228' title='bbox 843 2432 888 2482; x_wconf 78' lang='lat' dir='ltr'>sed</span> 
     </span>
     <span class='ocr_line' id='line_1_32' title="bbox 80 2499 887 2572; baseline -0.001 -18"><span class='ocrx_word' id='word_1_229' title='bbox 80 2512 137 2554; x_wconf 66' lang='lat' dir='ltr'>aaa*</span> <span class='ocrx_word' id='word_1_230' title='bbox 146 2499 330 2570; x_wconf 68' lang='lat' dir='ltr'>Onrtboatnam</span> <span class='ocrx_word' id='word_1_231' title='bbox 343 2507 503 2571; x_wconf 76' lang='lat' dir='ltr'>quieturam,</span> <span class='ocrx_word' id='word_1_232' title='bbox 514 2507 668 2572; x_wconf 75' lang='lat' dir='ltr'>sociamque</span> <span class='ocrx_word' id='word_1_233' title='bbox 676 2521 703 2558; x_wconf 80' lang='lat' dir='ltr'>eo</span> <span class='ocrx_word' id='word_1_234' title='bbox 715 2509 740 2557; x_wconf 80' lang='lat' dir='ltr'>ai</span> <span class='ocrx_word' id='word_1_235' title='bbox 748 2509 804 2558; x_wconf 77' lang='lat' dir='ltr'>sina</span> <span class='ocrx_word' id='word_1_236' title='bbox 813 2519 887 2555; x_wconf 86' lang='lat' dir='ltr'>mora</span> 
     </span>
     <span class='ocr_line' id='line_1_33' title="bbox 78 2577 782 2644; baseline 0.004 -16"><span class='ocrx_word' id='word_1_237' title='bbox 78 2577 274 2644; x_wconf 74' lang='lat' dir='ltr'>praebituram.</span> <span class='ocrx_word' id='word_1_238' title='bbox 336 2589 346 2602; x_wconf 74' lang='grc'>·’</span> <span class='ocrx_word' id='word_1_239' title='bbox 616 2599 619 2602; x_wconf 95' lang='grc'><strong><em>·</em></strong></span> <span class='ocrx_word' id='word_1_240' title='bbox 737 2597 739 2602; x_wconf 96' lang='grc'><strong><em>·</em></strong></span> <span class='ocrx_word' id='word_1_241' title='bbox 780 2601 782 2606; x_wconf 95' lang='grc'><em>·</em></span> 
     </span>
    </p>

    <p class='ocr_par' dir='ltr' id='par_1_6' title="bbox 78 2647 886 2726">
     <span class='ocr_line' id='line_1_34' title="bbox 78 2647 886 2726; baseline -0.004 -22"><span class='ocrx_word' id='word_1_242' title='bbox 78 2663 90 2679; x_wconf 77' lang='grc'><strong><em>”</em></strong></span> <span class='ocrx_word' id='word_1_243' title='bbox 136 2647 886 2726; x_wconf 60' lang='lat' dir='ltr'>Cremonamregioonsilioplacuissentmtttttoffian</span> 
     </span>
    </p>
   </div>
   <div class='ocr_carea' id='block_1_5' title="bbox 120 2740 721 2797">
    <p class='ocr_par' dir='ltr' id='par_1_7' title="bbox 120 2740 721 2797">
     <span class='ocr_line' id='line_1_35' title="bbox 120 2740 721 2797; baseline 0 -3"><span class='ocrx_word' id='word_1_244' title='bbox 120 2741 237 2797; x_wconf 77' lang='lat' dir='ltr'>lusimus.</span> <span class='ocrx_word' id='word_1_245' title='bbox 699 2740 721 2794; x_wconf 89' lang='lat'>0</span> 
     </span>
    </p>
   </div>
   <div class='ocr_carea' id='block_1_6' title="bbox 0 0 1012 3028">
    <p class='ocr_par' dir='ltr' id='par_1_8' title="bbox 0 0 1012 3028">
     <span class='ocr_line' id='line_1_36' title="bbox 0 0 1012 3028; baseline 0 1"><span class='ocrx_word' id='word_1_246' title='bbox 0 0 1012 3028; x_wconf 95' lang='lat' dir='ltr'> </span> 
     </span>
    </p>
   </div>
  </div>
 </body>
</html>
