2044 3028
131 131 182 183 484
361 133 516 182 'IUSTINI
538 133 695 183 HISTOR.

129 236 203 294 velut
217 235 327 306 praedae
342 233 497 289 incubantes
507 235 626 322 adsigna
637 240 831 290 revocarentur.
853 237 936 292 Habe-
996 299 997 306 ἶ

131 313 176 366 bat
191 312 310 364 Brennus
325 308 388 362 lecta
404 327 436 362 er
450 311 523 364 omni
537 311 651 364 exercitu
667 309 786 381 peditum
797 312 936 384 sexaginta
996 313 997 338 ³

131 387 252 457 quinque
263 383 359 438 millia:
380 383 541 454 Delphorum
552 385 738 456 sociorumque
748 403 800 440 non
812 385 937 457 nisique·
996 425 997 476 p

131 459 280 514 tuormillia
302 459 416 512 militnm
431 469 517 545 erant;
539 477 654 531 quorum
669 466 801 514 contemtu
816 461 938 516 Brennus
996 483 997 520 ;

131 535 164 588 ad
180 534 310 588 acuendos
324 551 433 588 suorum
449 535 551 588 animos
566 535 676 606 praedae
693 535 839 588 ubertatem
850 536 937 588 omni-

131 610 183 663 bus
195 609 359 676 ostendebat;
376 617 527 680 statuasque
537 627 598 662 cum
609 607 755 682 quadrigis,
768 627 884 680 quarum
897 611 937 664 in·
996 623 997 662 l

131 702 198 758 gens
208 685 280 758 copia
293 683 381 754 procul
395 685 535 749 visebatur,
548 684 631 738 solido
641 683 854 748 auroiusasesse,
862 683 938 754 plus-
996 709 997 736 r

131 777 185 831 que
204 760 232 813 in
251 759 365 830 pondere
377 775 460 830 quam
478 759 507 812 in
521 759 606 831 specie
622 759 718 812 habere
731 758 843 830 praedae
857 759 938 812 adfir-
996 773 997 788 ³

132 835 258 964 mabilia.
272 909 338 964 VIII.
359 909 412 962 Hac
423 905 619 962 adseveratione
627 906 727 962 incitati
747 905 831 970 Galli,
855 906 938 961 simul

133 991 158 1036 et
177 983 297 1036 hesterno
318 999 389 1036 mero
402 982 494 1046 saucii,
510 983 567 1036 sine
582 991 699 1053 respectu
713 980 893 1054 periculorum
909 982 938 1036 in

134 1057 369 1111 bellumruebant.
403 1057 498 1112 Contra
516 1055 609 1127 Delphi
626 1055 731 1128 plusin
749 1055 937 1128 deoquamin
996 1055 997 1058 ’

136 1132 237 1186 viribus
251 1139 402 1200 reponentes
418 1148 479 1185 cum
494 1138 625 1186 contemtu
635 1131 751 1185 bostium
764 1130 936 1185 resistebant:
996 1129 997 1132 ’

133 1205 338 1276 scandentesque
358 1204 475 1260 Gallose
492 1224 598 1260 summo
616 1205 712 1260 montis
726 1205 822 1260 vertice
840 1205 938 1290 partim

133 1297 205 1342 saxo,
220 1279 314 1350 partim
326 1297 407 1334 armis
416 1281 571 1335 obruebant
592 1282 622 1335 In
632 1281 682 1334 boc
691 1281 806 1350 partium
815 1281 939 1334 certami-

117 1373 167 1408 sne
177 1363 280 1426 repente
297 1355 482 1410 universorum
496 1355 653 1428 templorum
669 1355 804 1418 antistites,
819 1354 938 1408 simulet

133 1431 206 1500 ipsae
217 1439 287 1484 vates
297 1429 395 1500 sparsis
405 1431 523 1484 crinibus
533 1447 594 1486 cum
603 1427 940 1516 insIgnibusatqueiniulis
996 1451 997 1504 j

132 1505 223 1577 pavidi
233 1505 443 1576 vecordesquein
457 1505 571 1576 primam
584 1506 761 1579 pugnantium
776 1503 859 1557 aciem
879 1521 940 1575 pro-

133 1590 256 1636 currunt:
278 1585 412 1635 aduenisse
421 1585 496 1634 deum
504 1579 619 1634 clamant
623 1583 940 1649 ‚eramquaseoidissedc-

133 1660 285 1710 sitientem¹
274 1673 302 1709 m
316 1659 435 1722 temptum
444 1673 492 1723 per
502 1659 622 1710 culminis
631 1663 723 1723 aperta
732 1657 855 1724 sastipic:
878 1658 940 1708 dum

133 1747 220 1784 omnes
238 1747 310 1797 opem
329 1735 371 1784 dei
389 1733 542 1798 suppliciter
559 1733 709 1798 implorant,
725 1733 841 1782 iuvenem
855 1745 940 1797 supra

133 1807 273 1858 numanum
286 1809 389 1857 modum
402 1809 513 1873 insiqnis
525 1807 729 1872 pulchritudiuis
746 1807 903 1872 comitesque
917 1807 941 1856 ei

132 1883 199 1931 duas
221 1887 340 1932 armatas
359 1883 473 1946 viraines
492 1897 526 1934 ecc
541 1883 698 1948 propinquis
715 1881 817 1932 duabus
835 1879 941 1932 uenae

131 1953 316 2021 Mineruaeque
325 1956 433 2024 aedibus
442 1959 601 2021 occurrisse;
612 1971 657 2007 aec
668 1955 751 2007 oculis
763 1960 866 2006 tantum
877 1956 942 2006 Ilaec

131 2045 159 2082 se
166 2031 345 2095 perspeaisse:
364 2032 468 2082 audisse
476 2032 554 2082 etiam
563 2032 701 2082 stridorem
712 2044 792 2081 arcus
801 2045 834 2082 cc
843 2031 943 2095 strepi-

133 2112 186 2156 tum
201 2121 349 2157 urmorum:
366 2107 476 2170 proinde
485 2121 516 2156 nc
527 2111 713 2157 cunctarentur
722 2105 774 2154 diis
785 2107 944 2170 antesiqno-
996 2111 997 2132 ¹

131 2183 174 2231 ais
192 2181 288 2232 bostem
303 2182 409 2232 caedere
425 2181 584 2232 etuictoriae
597 2179 945 2230 deorumsociosseadiun-
996 2189 997 2192 ’

131 2268 200 2318 aere,
217 2253 332 2306 summis
345 2251 569 2307 obsecrationibus
579 2249 729 2306 monebant.
751 2248 858 2315 Quibus
870 2249 946 2304 voci-

132 2325 184 2376 bus
207 2326 309 2379 incensi
333 2343 425 2380 omnes
450 2325 567 2380 certatim
588 2325 615 2379 in
635 2324 765 2396 proelium
786 2323 944 2394 prosiliunt.

132 2397 308 2451 Praesentiam
330 2399 371 2452 dei
390 2409 414 2453 et
435 2399 486 2470 ipsi
504 2401 591 2454 statim
607 2417 724 2454 sensere:
747 2416 809 2452 nam
823 2407 850 2453 et
859 2408 947 2453 terrae

132 2475 206 2521 motu
223 2471 306 2538 portio
315 2473 413 2525 montis
426 2474 536 2544 abrupta
547 2472 684 2527 Gallorum
695 2473 786 2527 stravit
794 2474 945 2528 exercitum
996 2495 997 2540 3

131 2545 157 2589 et
172 2541 356 2596 confertissimi
366 2546 443 2598 cunei
455 2564 507 2601 non
518 2548 576 2601 sine
591 2547 746 2602 vulneribus
756 2547 879 2603 bostium
891 2549 947 2603 dis·

128 2609 209 2675 sipeti
229 2615 351 2670 ruebant
384 2619 502 2674 Insecuta
523 2621 618 2676 deinde
637 2629 777 2694 tempestas
794 2629 849 2689 est,
877 2639 948 2696 quae
996 2641 997 2684 f
