2016 3028
290 220 361 265 ΜΒ.
383 221 487 266 xxxa.
530 221 612 266 cae.
633 221 659 266 a.
804 217 874 279 ,ato

59 336 62 340 ·
77 323 140 382 rent,
157 315 307 372 admonitus
321 337 335 373 a
351 337 422 393 rege,
435 320 463 375 in
474 319 565 392 fugam
577 337 668 374 versus
678 319 781 375 Cretam
791 318 877 374 deler-

77 397 125 444 tur.
153 391 191 444 lbi
200 409 286 464 quum
297 391 344 447 diu
354 394 471 464 quietam
484 396 565 448 vitam
575 395 679 468 egisset,
697 392 876 450 invidiosum·

76 480 126 536 que
138 481 165 520 se
177 473 282 538 propter
296 467 393 522 nimias
405 485 468 540 opes
482 468 591 534 videret,
610 468 749 540 amphoras
762 467 876 542 plumbo

76 537 181 610 repletas
191 541 220 596 in
229 541 437 614 temploDiauae,
444 543 521 615 quasi
532 542 651 598 fortunae
659 559 723 597 suae
732 543 873 614 praesidia,

76 612 191 686 deponit;
225 615 386 688 atqueideo
409 617 477 672 nihil
502 617 535 672 de
558 616 604 672 illo
628 616 738 672 sollicita
759 618 871 682 eivitate,

75 689 199 759 quoniam
219 688 292 744 velut
306 691 406 764 pignus
419 707 486 763 opes
503 692 561 746 eius
574 691 684 754 tenebat,
705 691 738 744 ad
751 692 874 746 Prusiam

75 763 288 828 suendiaauro
297 782 346 820 suo
354 766 384 820 in
394 766 497 830 statuis,
512 783 581 838 quae
593 781 682 819 senum
692 765 820 836 portabat,
832 765 874 819 in-

75 834 140 902 fuso,
162 855 196 894 ue
213 847 364 910 eonspectae
382 857 444 911 opes
458 841 527 895 vitae
540 847 669 894 nocerent.
698 838 772 903 Dein,
787 855 873 910 mum

75 911 177 966 Prusias
189 913 380 969 terrestsibello
388 915 422 969 ab
432 915 552 970 Eumene
562 913 647 968 vietus
656 920 732 977 esset,
744 921 769 968 et
778 911 874 985 proeli-

75 1002 120 1040 um
141 987 169 1042 iu
188 1005 261 1042 mare
280 987 467 1051 transtulisset,
489 987 620 1043 Hannibal
638 1004 708 1043 novo
726 995 874 1042 commento

75 1067 160 1116 auctor
173 1061 297 1117 vintoniae
314 1060 378 1118 fuit:
400 1064 504 1135 quippe
517 1079 596 1117 omne
610 1061 772 1134 serpentium
787 1077 874 1134 genias

76 1134 101 1188 in
111 1135 202 1192 fiotilee
212 1135 318 1210 lagenas
328 1137 422 1192 ooniioi
431 1138 516 1202 iussit
533 1137 672 1208 medioque
679 1135 779 1208 proelio
787 1136 815 1190 in
826 1153 874 1190 na-

76 1225 118 1264 vae
128 1209 244 1267 bostium
254 1211 343 1266 mittit.
373 1211 404 1270 ld
419 1213 537 1284 primum
551 1211 664 1266 Pontiois
678 1210 822 1266 ridiculum
831 1210 874 1263 vi-

74 1300 142 1349 sum,
157 1285 288 1342 liotilibne·
299 1286 434 1351 diminute,
449 1287 498 1358 qui
513 1285 580 1342 ferro
596 1293 735 1358 nequeant.
763 1284 816 1340 Sed
825 1285 873 1340 nbi

73 1361 238 1430 serpentibus
251 1359 443 1431 replerinaves
449 1377 564 1432 coepere,
580 1360 687 1431 ancipiti
695 1359 812 1432 perieulo
821 1359 874 1413 oir-

72 1434 206 1492 oumventi
224 1434 294 1490 hosti
313 1435 449 1491 vintoniam
468 1452 574 1490 cessem.
603 1435 677 1501 Quae
695 1435 743 1490 ubi
760 1435 873 1490 Romam

73 1509 189 1566 nuntiata
201 1517 273 1575 sunt,
285 1509 361 1565 missi
369 1527 387 1565 a
395 1517 487 1566 senatu
497 1509 574 1584 legati
583 1517 655 1574 sunt,
670 1509 718 1580 qui
727 1515 874 1580 utrumque
887 1521 902 1530 “

73 1599 158 1656 wem
169 1584 199 1640 in
208 1600 299 1655 panem
313 1592 442 1658 negarent,
458 1583 685 1654 Hannibalemque
694 1581 871 1654 deposuerant.

72 1656 123 1714 Sed
131 1658 265 1716 Hannibal
275 1675 303 1714 ie
312 1659 417 1732 oognita
425 1667 515 1716 sumto
523 1675 624 1713 veneno
634 1657 790 1730 legationem
800 1673 874 1711 mor-

72 1739 96 1786 te
104 1733 249 1804 praevenit.
278 1733 395 1811 Insignis
408 1734 548 1789 bisannas
558 1733 641 1787 trium
650 1739 703 1786 toto
715 1731 779 1786 orbe
786 1731 874 1788 maxi-

71 1823 175 1866 morum
184 1808 374 1882 imperatorum
384 1808 513 1864 mortibus
521 1807 579 1873 luit,
586 1805 741 1862 Hannibalis
750 1813 776 1860 et
784 1805 874 1862 Philo-

71 1883 215 1952 ammenta
226 1890 252 1937 et
268 1881 403 1955 Seipiouis
420 1882 547 1938 Africani.
581 1883 624 1938 Ex
643 1881 742 1953 quibus
761 1888 870 1946 oonstat,

71 1956 246 2018 Hannibalem
256 1965 471 2030 neotum‚quum
480 1959 597 2014 Romano
606 1964 739 2014 tonantem
748 1955 874 2012 bellolta-

72 2028 107 2088 lia
119 2032 291 2118 mutanda
312 2049 360 2090 neo
373 2050 459 2104 quum
473 2049 594 2090 resersus
602 2031 788 2105 Carthaginem
798 2048 874 2087 sum·

72 2122 149 2164 mum
159 2107 304 2178 imperium
312 2109 405 2172 tenuit,
420 2115 467 2164 aut
475 2109 615 2163 mibantem
625 2123 747 2161 manasse
757 2112 805 2160 aut
811 2104 873 2175 plus

70 2192 151 2255 mena
161 2181 508 2252 sextarioviniindulsissm
527 2181 736 2254 pudicitiamque
744 2195 805 2234 oum
816 2187 875 2233 tau-

71 2263 124 2312 tam
133 2257 203 2312 iuter
212 2263 248 2311 tot
261 2257 377 2327 eaptivas
385 2257 520 2322 babuisse,
534 2255 602 2312 utin
613 2254 699 2310 Altina
710 2259 800 2308 natum
811 2253 874 2326 qui-

72 2330 112 2386 vis
125 2337 242 2405 negatet
270 2330 454 2389 liotbmtionis
468 2341 536 2386 oerte
548 2329 675 2394 emoluit,
688 2335 824 2400 utquam
833 2326 875 2382 di-

71 2405 592 2480 versuumgantinmeasnntnsnexeru,
603 2420 689 2476 neque
698 2402 804 2458 insidiis
812 2417 875 2484 siao-

70 2495 130 2537 mm
146 2481 265 2538 militum
278 2480 313 2536 eit
325 2481 420 2553 petitus
430 2497 574 2553 ,umquem
590 2495 676 2551 neque
685 2477 777 2532 fraude
785 2473 876 2546 prodi·

71 2561 223 2628 tus„quum
232 2557 474 2628 uisumquebostes
483 2573 560 2628 saepe
569 2560 718 2612 mnmsmnt.

377 2723 574 2752 ...nm-...-
