2014 3000
114 158 148 212 52
350 157 499 206 IUsTINI
517 157 674 202 Hieron.

115 261 253 334 questibus
264 259 370 314 iterant.
400 257 453 314 Alii
467 257 568 318 iratres
585 265 630 311 aut
644 257 721 320 filios,
739 261 784 309 aut
797 265 913 326 parentes

114 335 219 400 deflent,
239 343 363 406 cognatos
385 331 439 398 alii,
452 332 497 386 alii
510 333 608 386 amicos
624 331 740 404 cognatis
755 331 875 385 cariores.
890 339 914 385 et

115 428 177 464 cum
181 412 291 480 privatis
301 409 407 464 casibus
417 407 551 479 querelam
561 406 695 478 publicam
706 405 830 460 miscent:
860 407 915 460 lum

114 503 141 540 ae
154 491 231 552 ipsos,
247 490 301 540 iem
314 491 398 553 ipsum
408 489 527 552 putrium
538 487 694 549 perituram,
709 486 915 549 miserioremque

115 563 294 624 incolumium,
319 577 397 628 quom
420 563 587 620 omissorum,
609 562 742 626 fortunam
763 560 913 619 iudicantes,

115 639 165 688 sibi
176 638 283 704 quiaque
293 643 353 688 ante
363 637 450 688 oculos
460 636 622 694 obsidionem,
634 637 735 700 samem,
748 639 770 683 et
781 635 916 700 superbum

115 715 289 778 uictoremque
303 713 398 763 hostem
412 715 582 776 proponentes
589 727 596 770 ,·
620 711 673 760 ium
688 711 793 760 ruinum
806 709 878 760 urbia
892 715 915 758 et

115 788 246 848 inccndio,
261 789 316 838 iem
329 789 442 838 omnium
457 786 632 848 captivitatem
642 791 665 834 et
680 783 853 835 miserrimum
862 799 917 835 ser·

114 865 222 930 vitutem
240 863 420 925 recordantem
447 859 576 926 feliciores
592 873 702 923 prorsus
719 860 823 923 priores
846 859 917 910 urbia

115 939 209 988 ruinas
221 937 350 996 ¹ducentes,
367 950 433 1002 quoe
448 934 618 985 incolumibus
634 934 696 1000 filiis
706 935 915 1000 parentibusque,

117 1017 241 1062 tectorum
257 1016 356 1061 tontum
369 1011 450 1060 ruina
465 1015 574 1060 taoeutce
587 1011 646 1059 siut.
677 1006 753 1061 Nunc
767 1015 919 1060 autemnon

117 1087 233 1146 cluerent,
250 1086 278 1135 in
292 1100 377 1151 quum,
392 1086 471 1136 sicuti
478 1085 588 1148 pridem,
604 1085 761 1149 consuetum,
772 1098 919 1148 superesse,-

115 1175 167 1210 non
183 1161 334 1220 coercitum,
352 1161 426 1210 cuius
439 1160 535 1210 uirtute
549 1159 647 1210 cerreti
653 1159 808 1223 pulchriora
816 1165 920 1223 possem

116 1235 218 1284 moenio
228 1241 373 1286 construere.

171 1305 229 1362 Cir.
241 1305 310 1360 Vlll.
331 1306 374 1360 Sic
388 1303 494 1358 defletae
503 1321 533 1358 ao
544 1321 625 1374 prope
634 1303 749 1374 perditae
759 1303 819 1357 urbi
833 1303 920 1358 hostes

115 1381 317 1451 superveniunt,
337 1388 363 1435 et
379 1379 515 1434 obsidione
533 1378 692 1433 circumdata
712 1379 833 1433 obsessos
851 1377 922 1434 same

116 1462 219 1528 urgent.
250 1455 371 1510 Sciebant
386 1455 466 1519 enim,
484 1471 570 1526 neque
583 1471 616 1508 ex
629 1453 743 1508 advectis
755 1453 838 1524 copiis
849 1453 922 1508 rnul-

117 1539 175 1585 tum
185 1548 329 1602 superesse,
336 1538 372 1594 et,
379 1547 412 1584 ne
423 1547 505 1585 novae
515 1529 610 1584 advehi
619 1536 733 1599 possent,
740 1528 920 1599 providerant.
993 1567 994 1618 y

117 1605 221 1671 Quibus
241 1605 319 1660 malis
333 1605 505 1660 Athenienses
522 1603 604 1669 fracti,
620 1612 678 1674 post
691 1603 797 1676 longam
811 1602 919 1669 samem,
993 1661 994 1680 ,

117 1689 142 1733 et
161 1680 266 1734 assidua
288 1697 397 1734 suorum
417 1679 520 1742 lunera,
543 1696 633 1750 paoem
647 1679 773 1749 petivere:
800 1697 870 1750 qnae
887 1698 921 1734 au

117 1755 174 1808 dari
194 1754 311 1822 deberet,
334 1753 381 1807 diu
396 1753 463 1807 inter
478 1753 618 1824 Spartanos
636 1753 773 1824 sociosque
792 1753 923 1808 delibera-

116 1837 184 1882 tum.
223 1827 312 1893 Quum
332 1827 410 1881 multi
430 1827 573 1882 delendum
591 1829 792 1883 Atheniensium
812 1846 921 1894 nornen,

117 1903 265 1973 urbemque
275 1902 396 1957 incendio
405 1904 613 1958 consumendam
624 1911 771 1971 censerent3
790 1914 925 1977 negarunt

117 1996 145 2034 se
154 1977 275 2048 Spartani
283 1995 316 2032 ex
327 1977 431 2032 duobus
437 1978 559 2033 Graeciae
569 1978 652 2034 oculis
663 1979 772 2034 alterum
784 1987 922 2050 eruturos3

116 2071 207 2126 pacem
222 2051 339 2124 polliciti,
360 2053 382 2107 si
398 2053 511 2108 demissa
529 2054 650 2109 Piraeum
665 2072 758 2108 versus
776 2055 848 2109 muri
863 2056 927 2109 bra-

117 2129 176 2184 chia
190 2129 338 2194 deiicerent,
356 2146 498 2200 navesque,
515 2147 585 2201 quae
597 2129 713 2201 reliquae
728 2128 820 2194 forent,
837 2130 928 2184 trade-

36 2233 38 2237 *
117 2212 188 2260 rent:
210 2222 305 2276 resque
314 2204 421 2275 publica
431 2222 464 2259 ex
474 2212 556 2258 semet
566 2205 630 2276 ipsis
643 2225 688 2258 xxx
698 2211 807 2258 rectores
818 2207 929 2276 accipe-

117 2285 165 2331 ret.
196 2279 226 2332 In
246 2279 294 2332 bas
315 2279 384 2352 leges
404 2279 526 2333 traditam
546 2280 598 2334 sibi
613 2280 706 2334 urbem
722 2279 929 2335 Lacedaemonii

116 2349 282 2404 formandam
296 2353 435 2426 Lysandro
448 2354 620 2408 tradiderunt.
650 2355 765 2428 Insignis
780 2355 824 2409 hic
834 2373 930 2410 annus

116 2431 142 2474 et
151 2427 345 2496 expugnatione
355 2427 528 2494 Athenarum,
543 2437 568 2484 et
581 2437 662 2484 morte
671 2429 740 2484 Darii
751 2430 821 2504 regis
831 2432 932 2486 Persa-

116 2507 186 2558 rum,
209 2505 234 2549 et
253 2498 345 2552 exsilio
362 2501 481 2574 Dionysii
497 2503 600 2558 Siciliae
615 2505 721 2578 tyranni
733 2503 792 2558 suit.
823 2507 933 2560 Mutato
993 2487 994 2578 i

116 2573 187 2644 statu
197 2567 369 2637 Athenarum,
385 2575 463 2628 etiam
473 2577 573 2632 civium
585 2579 698 2634 conditio
708 2587 835 2634 mutatur.
866 2583 931 2636 Tri-
993 2579 994 2632 l

116 2644 189 2700 ginta
209 2649 319 2696 rectores
329 2646 489 2716 reipublicae
503 2654 712 2722 constituuntur;
736 2655 784 2726 qui
798 2655 871 2712 liunt
886 2665 933 2731 ty·

993 2767 994 2790 l
