<?xml version="1.0" encoding="UTF-8"?>
<!DOCTYPE html PUBLIC "-//W3C//DTD XHTML 1.0 Transitional//EN"
    "http://www.w3.org/TR/xhtml1/DTD/xhtml1-transitional.dtd">
<html xmlns="http://www.w3.org/1999/xhtml" xml:lang="en" lang="en">
 <head>
  <title>
</title>
<meta http-equiv="Content-Type" content="text/html;charset=utf-8" />
  <meta name='ocr-system' content='tesseract 3.04.00' />
  <meta name='ocr-capabilities' content='ocr_page ocr_carea ocr_par ocr_line ocrx_word'/>
</head>
<body>
  <div class='ocr_page' id='page_1' title='image "./justinihistoria00justgoog_0063.png"; bbox 0 0 2022 3010; ppageno 0'>
   <div class='ocr_carea' id='block_1_1' title="bbox 102 189 666 273">
    <p class='ocr_par' dir='ltr' id='par_1_1' title="bbox 102 189 666 273">
     <span class='ocr_line' id='line_1_1' title="bbox 102 189 666 273; baseline -0.005 0"><span class='ocrx_word' id='word_1_1' title='bbox 102 221 136 273; x_wconf 80' lang='grc'>50</span> <span class='ocrx_word' id='word_1_2' title='bbox 340 225 491 269; x_wconf 85' lang='lat' dir='ltr'><strong>IUSTINI</strong></span> <span class='ocrx_word' id='word_1_3' title='bbox 509 189 666 271; x_wconf 61' lang='lat' dir='ltr'>HISTORi</span> 
     </span>
    </p>
   </div>
   <div class='ocr_carea' id='block_1_2' title="bbox 94 323 917 2784">
    <p class='ocr_par' dir='ltr' id='par_1_2' title="bbox 94 323 914 827">
     <span class='ocr_line' id='line_1_2' title="bbox 101 323 914 395; baseline -0.004 -14"><span class='ocrx_word' id='word_1_4' title='bbox 101 325 258 390; x_wconf 88' lang='lat' dir='ltr'>honoribus,</span> <span class='ocrx_word' id='word_1_5' title='bbox 275 323 429 378; x_wconf 90' lang='lat' dir='ltr'>detrimenta</span> <span class='ocrx_word' id='word_1_6' title='bbox 440 324 606 390; x_wconf 91' lang='lat' dir='ltr'>muneribus,</span> <span class='ocrx_word' id='word_1_7' title='bbox 622 323 811 378; x_wconf 74' lang='lat' dir='ltr'>exsecrationes</span> <span class='ocrx_word' id='word_1_8' title='bbox 823 325 914 395; x_wconf 87' lang='lat' dir='ltr'>preci·</span> 
     </span>
     <span class='ocr_line' id='line_1_3' title="bbox 101 397 912 470; baseline -0.002 -16"><span class='ocrx_word' id='word_1_9' title='bbox 101 401 164 454; x_wconf 79' lang='lat' dir='ltr'>bus</span> <span class='ocrx_word' id='word_1_10' title='bbox 195 401 253 453; x_wconf 90' lang='lat' dir='ltr'>Non</span> <span class='ocrx_word' id='word_1_11' title='bbox 274 397 377 452; x_wconf 83' lang='lat' dir='ltr'>Siciliae</span> <span class='ocrx_word' id='word_1_12' title='bbox 395 397 448 450; x_wconf 94' lang='lat' dir='ltr'>illis</span> <span class='ocrx_word' id='word_1_13' title='bbox 469 398 577 452; x_wconf 89' lang='lat' dir='ltr'>adversa</span> <span class='ocrx_word' id='word_1_14' title='bbox 596 398 724 470; x_wconf 79' lang='lat' dir='ltr'>pugnam</span> <span class='ocrx_word' id='word_1_15' title='bbox 739 415 782 452; x_wconf 92' lang='lat' dir='ltr'>ore</span> <span class='ocrx_word' id='word_1_16' title='bbox 798 407 847 463; x_wconf 89' lang='lat' dir='ltr'>est,</span> <span class='ocrx_word' id='word_1_17' title='bbox 862 399 912 452; x_wconf 85' lang='lat' dir='ltr'>sed</span> 
     </span>
     <span class='ocr_line' id='line_1_4' title="bbox 102 472 911 544; baseline 0 -16"><span class='ocrx_word' id='word_1_18' title='bbox 102 473 226 543; x_wconf 80' lang='lat' dir='ltr'>Graeciae</span> <span class='ocrx_word' id='word_1_19' title='bbox 245 473 365 528; x_wconf 88' lang='lat' dir='ltr'>victoria:</span> <span class='ocrx_word' id='word_1_20' title='bbox 391 489 444 526; x_wconf 86' lang='lat' dir='ltr'>non</span> <span class='ocrx_word' id='word_1_21' title='bbox 462 472 557 526; x_wconf 80' lang='lat' dir='ltr'>classes</span> <span class='ocrx_word' id='word_1_22' title='bbox 570 473 709 544; x_wconf 89' lang='lat' dir='ltr'>perillum</span> <span class='ocrx_word' id='word_1_23' title='bbox 724 473 845 538; x_wconf 87' lang='lat' dir='ltr'>amissae,</span> <span class='ocrx_word' id='word_1_24' title='bbox 862 473 911 528; x_wconf 89' lang='lat' dir='ltr'>sed</span> 
     </span>
     <span class='ocr_line' id='line_1_5' title="bbox 102 545 913 620; baseline 0 -18"><span class='ocrx_word' id='word_1_25' title='bbox 102 547 259 619; x_wconf 88' lang='lat' dir='ltr'>acquisitae:</span> <span class='ocrx_word' id='word_1_26' title='bbox 281 565 330 602; x_wconf 91' lang='lat' dir='ltr'>nec</span> <span class='ocrx_word' id='word_1_27' title='bbox 339 545 593 620; x_wconf 76' lang='lat' dir='ltr'>Syracusarumsed</span> <span class='ocrx_word' id='word_1_28' title='bbox 603 546 913 619; x_wconf 84' lang='lat' dir='ltr'>loniaeHellespontiqne</span> 
     </span>
     <span class='ocr_line' id='line_1_6' title="bbox 102 620 909 694; baseline 0 -18"><span class='ocrx_word' id='word_1_29' title='bbox 102 622 291 676; x_wconf 89' lang='lat' dir='ltr'>meminerunt.</span> <span class='ocrx_word' id='word_1_30' title='bbox 331 622 375 676; x_wconf 90' lang='lat' dir='ltr'>Sic</span> <span class='ocrx_word' id='word_1_31' title='bbox 393 620 541 676; x_wconf 81' lang='lat' dir='ltr'>Alcibiades</span> <span class='ocrx_word' id='word_1_32' title='bbox 559 640 698 694; x_wconf 89' lang='lat' dir='ltr'>nunquam</span> <span class='ocrx_word' id='word_1_33' title='bbox 719 622 909 688; x_wconf 80' lang='lat' dir='ltr'>mediocribuS,</span> 
     </span>
     <span class='ocr_line' id='line_1_7' title="bbox 94 696 911 769; baseline -0.002 -17"><span class='ocrx_word' id='word_1_34' title='bbox 94 715 151 766; x_wconf 38' lang='lat' dir='ltr'>,nec</span> <span class='ocrx_word' id='word_1_35' title='bbox 165 698 193 752; x_wconf 91' lang='lat' dir='ltr'>in</span> <span class='ocrx_word' id='word_1_36' title='bbox 208 697 306 752; x_wconf 85' lang='lat' dir='ltr'>offensa</span> <span class='ocrx_word' id='word_1_37' title='bbox 324 715 372 752; x_wconf 90' lang='lat' dir='ltr'>nec</span> <span class='ocrx_word' id='word_1_38' title='bbox 388 697 416 752; x_wconf 90' lang='lat' dir='ltr'>in</span> <span class='ocrx_word' id='word_1_39' title='bbox 433 696 533 762; x_wconf 86' lang='lat' dir='ltr'>lavore,</span> <span class='ocrx_word' id='word_1_40' title='bbox 550 697 645 751; x_wconf 89' lang='lat' dir='ltr'>studiis</span> <span class='ocrx_word' id='word_1_41' title='bbox 659 715 769 752; x_wconf 90' lang='lat' dir='ltr'>suorum</span> <span class='ocrx_word' id='word_1_42' title='bbox 783 705 911 769; x_wconf 80' lang='lat' dir='ltr'>exceptus</span> 
     </span>
     <span class='ocr_line' id='line_1_8' title="bbox 101 781 150 827; baseline -0.025 0"><span class='ocrx_word' id='word_1_43' title='bbox 101 781 150 827; x_wconf 90' lang='lat' dir='ltr'>est.</span> 
     </span>
    </p>

    <p class='ocr_par' dir='ltr' id='par_1_3' title="bbox 101 845 917 2416">
     <span class='ocr_line' id='line_1_9' title="bbox 158 845 910 920; baseline -0.001 -17"><span class='ocrx_word' id='word_1_44' title='bbox 158 849 228 903; x_wconf 70' lang='lat' dir='ltr'>Cau</span> <span class='ocrx_word' id='word_1_45' title='bbox 240 848 273 902; x_wconf 93' lang='lat' dir='ltr'>V</span> <span class='ocrx_word' id='word_1_46' title='bbox 294 849 363 902; x_wconf 89' lang='lat' dir='ltr'>Dum</span> <span class='ocrx_word' id='word_1_47' title='bbox 378 847 442 902; x_wconf 87' lang='lat' dir='ltr'>haec</span> <span class='ocrx_word' id='word_1_48' title='bbox 457 854 580 920; x_wconf 82' lang='lat' dir='ltr'>aguntur,</span> <span class='ocrx_word' id='word_1_49' title='bbox 596 865 611 901; x_wconf 93' lang='lat' dir='ltr'>a</span> <span class='ocrx_word' id='word_1_50' title='bbox 626 845 838 900; x_wconf 82' lang='lat' dir='ltr'>Lacedaemoniis</span> <span class='ocrx_word' id='word_1_51' title='bbox 852 847 910 920; x_wconf 81' lang='lat' dir='ltr'>Ly-</span> 
     </span>
     <span class='ocr_line' id='line_1_10' title="bbox 102 921 911 993; baseline -0.004 -15"><span class='ocrx_word' id='word_1_52' title='bbox 102 924 198 978; x_wconf 88' lang='lat' dir='ltr'>sander</span> <span class='ocrx_word' id='word_1_53' title='bbox 213 922 290 976; x_wconf 88' lang='lat' dir='ltr'>classi</span> <span class='ocrx_word' id='word_1_54' title='bbox 304 923 427 993; x_wconf 91' lang='lat' dir='ltr'>belloque</span> <span class='ocrx_word' id='word_1_55' title='bbox 440 922 603 993; x_wconf 82' lang='lat' dir='ltr'>praeficitur3</span> <span class='ocrx_word' id='word_1_56' title='bbox 635 929 659 975; x_wconf 90' lang='lat' dir='ltr'>et</span> <span class='ocrx_word' id='word_1_57' title='bbox 676 921 703 975; x_wconf 90' lang='lat' dir='ltr'>in</span> <span class='ocrx_word' id='word_1_58' title='bbox 718 921 806 976; x_wconf 90' lang='lat' dir='ltr'>locum</span> <span class='ocrx_word' id='word_1_59' title='bbox 820 921 911 975; x_wconf 89' lang='lat' dir='ltr'>Tissa-</span> 
     </span>
     <span class='ocr_line' id='line_1_11' title="bbox 101 993 912 1070; baseline -0.002 -18"><span class='ocrx_word' id='word_1_60' title='bbox 101 998 184 1052; x_wconf 86' lang='lat' dir='ltr'>fernrs</span> <span class='ocrx_word' id='word_1_61' title='bbox 194 998 298 1060; x_wconf 89' lang='lat' dir='ltr'>Dauus</span> <span class='ocrx_word' id='word_1_62' title='bbox 306 1015 352 1050; x_wconf 86' lang='lat' dir='ltr'>rex</span> <span class='ocrx_word' id='word_1_63' title='bbox 362 998 510 1062; x_wconf 82' lang='lat' dir='ltr'>Persarum,</span> <span class='ocrx_word' id='word_1_64' title='bbox 524 993 610 1051; x_wconf 77' lang='lat' dir='ltr'>filium</span> <span class='ocrx_word' id='word_1_65' title='bbox 620 1013 701 1050; x_wconf 90' lang='lat' dir='ltr'>suum</span> <span class='ocrx_word' id='word_1_66' title='bbox 710 997 811 1070; x_wconf 79' lang='lat' dir='ltr'>Cyrum</span> <span class='ocrx_word' id='word_1_67' title='bbox 822 996 912 1050; x_wconf 88' lang='lat' dir='ltr'>Ioniae</span> 
     </span>
     <span class='ocr_line' id='line_1_12' title="bbox 102 1071 910 1145; baseline -0.001 -20"><span class='ocrx_word' id='word_1_68' title='bbox 102 1071 256 1145; x_wconf 83' lang='lat' dir='ltr'>Lydiaeque</span> <span class='ocrx_word' id='word_1_69' title='bbox 279 1071 443 1142; x_wconf 81' lang='lat' dir='ltr'>praeposuit:</span> <span class='ocrx_word' id='word_1_70' title='bbox 479 1071 527 1143; x_wconf 91' lang='lat' dir='ltr'>qui</span> <span class='ocrx_word' id='word_1_71' title='bbox 553 1071 771 1125; x_wconf 89' lang='lat' dir='ltr'>Lacedaemonios</span> <span class='ocrx_word' id='word_1_72' title='bbox 800 1071 910 1124; x_wconf 86' lang='lat' dir='ltr'>auxiliis</span> 
     </span>
     <span class='ocr_line' id='line_1_13' title="bbox 102 1143 912 1218; baseline -0.001 -18"><span class='ocrx_word' id='word_1_73' title='bbox 102 1147 252 1218; x_wconf 88' lang='lat' dir='ltr'>opibusque</span> <span class='ocrx_word' id='word_1_74' title='bbox 262 1146 296 1198; x_wconf 91' lang='lat' dir='ltr'>ad</span> <span class='ocrx_word' id='word_1_75' title='bbox 306 1163 380 1216; x_wconf 91' lang='lat' dir='ltr'>spem</span> <span class='ocrx_word' id='word_1_76' title='bbox 390 1145 509 1200; x_wconf 84' lang='lat' dir='ltr'>fortunae</span> <span class='ocrx_word' id='word_1_77' title='bbox 518 1146 613 1217; x_wconf 91' lang='lat' dir='ltr'>prioris</span> <span class='ocrx_word' id='word_1_78' title='bbox 622 1146 713 1200; x_wconf 84' lang='lat' dir='ltr'>erexit.</span> <span class='ocrx_word' id='word_1_79' title='bbox 739 1143 835 1199; x_wconf 82' lang='lat' dir='ltr'>Aucti</span> <span class='ocrx_word' id='word_1_80' title='bbox 827 1146 912 1218; x_wconf 80' lang='lat' dir='ltr'>igitur</span> 
     </span>
     <span class='ocr_line' id='line_1_14' title="bbox 102 1219 911 1284; baseline -0.001 -9"><span class='ocrx_word' id='word_1_81' title='bbox 102 1221 216 1284; x_wconf 87' lang='lat' dir='ltr'>viribus,</span> <span class='ocrx_word' id='word_1_82' title='bbox 238 1219 402 1274; x_wconf 81' lang='lat' dir='ltr'>Alcibiadem</span> <span class='ocrx_word' id='word_1_83' title='bbox 422 1237 484 1276; x_wconf 92' lang='lat' dir='ltr'>cum</span> <span class='ocrx_word' id='word_1_84' title='bbox 505 1228 611 1274; x_wconf 90' lang='lat' dir='ltr'>centum</span> <span class='ocrx_word' id='word_1_85' title='bbox 631 1220 774 1274; x_wconf 90' lang='lat' dir='ltr'>navibus</span> <span class='ocrx_word' id='word_1_86' title='bbox 766 1239 795 1274; x_wconf 92' lang='lat' dir='ltr'>1n</span> <span class='ocrx_word' id='word_1_87' title='bbox 817 1219 911 1274; x_wconf 82' lang='lat' dir='ltr'>Asiam</span> 
     </span>
     <span class='ocr_line' id='line_1_15' title="bbox 101 1295 911 1368; baseline 0 -20"><span class='ocrx_word' id='word_1_88' title='bbox 101 1295 257 1368; x_wconf 87' lang='lat' dir='ltr'>profectum,</span> <span class='ocrx_word' id='word_1_89' title='bbox 274 1295 340 1350; x_wconf 94' lang='lat' dir='ltr'>dum</span> <span class='ocrx_word' id='word_1_90' title='bbox 356 1313 441 1368; x_wconf 83' lang='lat' dir='ltr'>agros,</span> <span class='ocrx_word' id='word_1_91' title='bbox 454 1295 532 1368; x_wconf 84' lang='lat' dir='ltr'>longa</span> <span class='ocrx_word' id='word_1_92' title='bbox 542 1313 605 1366; x_wconf 89' lang='lat' dir='ltr'>pace</span> <span class='ocrx_word' id='word_1_93' title='bbox 616 1295 719 1360; x_wconf 88' lang='lat' dir='ltr'>divites,</span> <span class='ocrx_word' id='word_1_94' title='bbox 732 1295 851 1349; x_wconf 89' lang='lat' dir='ltr'>securius</span> <span class='ocrx_word' id='word_1_95' title='bbox 861 1313 911 1366; x_wconf 68' lang='lat' dir='ltr'>po</span> 
     </span>
     <span class='ocr_line' id='line_1_16' title="bbox 102 1369 911 1442; baseline 0.001 -19"><span class='ocrx_word' id='word_1_96' title='bbox 102 1370 223 1442; x_wconf 90' lang='lat' dir='ltr'>pnlatur,</span> <span class='ocrx_word' id='word_1_97' title='bbox 248 1377 272 1424; x_wconf 90' lang='lat' dir='ltr'>et</span> <span class='ocrx_word' id='word_1_98' title='bbox 290 1369 401 1441; x_wconf 85' lang='lat' dir='ltr'>praedae</span> <span class='ocrx_word' id='word_1_99' title='bbox 421 1370 561 1424; x_wconf 88' lang='lat' dir='ltr'>dulcedine</span> <span class='ocrx_word' id='word_1_100' title='bbox 579 1371 637 1424; x_wconf 86' lang='lat' dir='ltr'>sine</span> <span class='ocrx_word' id='word_1_101' title='bbox 657 1371 816 1424; x_wconf 90' lang='lat' dir='ltr'>insidiarum</span> <span class='ocrx_word' id='word_1_102' title='bbox 837 1379 911 1426; x_wconf 90' lang='lat' dir='ltr'>metu</span> 
     </span>
     <span class='ocr_line' id='line_1_17' title="bbox 102 1445 910 1517; baseline 0.002 -18"><span class='ocrx_word' id='word_1_103' title='bbox 102 1462 207 1516; x_wconf 89' lang='lat' dir='ltr'>sparsos</span> <span class='ocrx_word' id='word_1_104' title='bbox 227 1445 324 1499; x_wconf 90' lang='lat' dir='ltr'>milites</span> <span class='ocrx_word' id='word_1_105' title='bbox 343 1445 430 1508; x_wconf 89' lang='lat' dir='ltr'>habet,</span> <span class='ocrx_word' id='word_1_106' title='bbox 453 1445 589 1517; x_wconf 91' lang='lat' dir='ltr'>repentino</span> <span class='ocrx_word' id='word_1_107' title='bbox 611 1445 725 1500; x_wconf 87' lang='lat' dir='ltr'>adventu</span> <span class='ocrx_word' id='word_1_108' title='bbox 740 1462 910 1516; x_wconf 89' lang='lat' dir='ltr'>oppressere:</span> 
     </span>
     <span class='ocr_line' id='line_1_18' title="bbox 102 1519 914 1593; baseline 0.001 -19"><span class='ocrx_word' id='word_1_109' title='bbox 102 1529 228 1593; x_wconf 89' lang='lat' dir='ltr'>tantaque</span> <span class='ocrx_word' id='word_1_110' title='bbox 238 1521 328 1575; x_wconf 86' lang='lat' dir='ltr'>caedes</span> <span class='ocrx_word' id='word_1_111' title='bbox 338 1519 484 1592; x_wconf 89' lang='lat' dir='ltr'>palantium</span> <span class='ocrx_word' id='word_1_112' title='bbox 495 1519 553 1590; x_wconf 86' lang='lat' dir='ltr'>luit,</span> <span class='ocrx_word' id='word_1_113' title='bbox 562 1527 591 1574; x_wconf 91' lang='lat' dir='ltr'>ut</span> <span class='ocrx_word' id='word_1_114' title='bbox 599 1519 660 1591; x_wconf 91' lang='lat' dir='ltr'>plus</span> <span class='ocrx_word' id='word_1_115' title='bbox 666 1519 784 1576; x_wconf 83' lang='lat' dir='ltr'>vulneris</span> <span class='ocrx_word' id='word_1_116' title='bbox 795 1537 826 1574; x_wconf 92' lang='lat' dir='ltr'>eo</span> <span class='ocrx_word' id='word_1_117' title='bbox 835 1538 914 1591; x_wconf 89' lang='lat' dir='ltr'>proe-</span> 
     </span>
     <span class='ocr_line' id='line_1_19' title="bbox 103 1594 910 1668; baseline 0.002 -20"><span class='ocrx_word' id='word_1_118' title='bbox 103 1595 317 1652; x_wconf 89' lang='lat' dir='ltr'>lioAthenienses</span> <span class='ocrx_word' id='word_1_119' title='bbox 330 1596 484 1668; x_wconf 88' lang='lat' dir='ltr'>acciperent,</span> <span class='ocrx_word' id='word_1_120' title='bbox 492 1613 573 1668; x_wconf 91' lang='lat' dir='ltr'>qnam</span> <span class='ocrx_word' id='word_1_121' title='bbox 581 1595 762 1666; x_wconf 90' lang='lat' dir='ltr'>superioribus</span> <span class='ocrx_word' id='word_1_122' title='bbox 769 1594 910 1650; x_wconf 87' lang='lat' dir='ltr'>dederant:</span> 
     </span>
     <span class='ocr_line' id='line_1_20' title="bbox 103 1670 913 1743; baseline 0 -19"><span class='ocrx_word' id='word_1_123' title='bbox 103 1679 129 1724; x_wconf 91' lang='lat' dir='ltr'>et</span> <span class='ocrx_word' id='word_1_124' title='bbox 143 1679 215 1726; x_wconf 87' lang='lat' dir='ltr'>tanta</span> <span class='ocrx_word' id='word_1_125' title='bbox 229 1672 373 1743; x_wconf 87' lang='lat' dir='ltr'>desperatio</span> <span class='ocrx_word' id='word_1_126' title='bbox 388 1672 459 1743; x_wconf 88' lang='lat' dir='ltr'>apud</span> <span class='ocrx_word' id='word_1_127' title='bbox 473 1670 644 1726; x_wconf 86' lang='lat' dir='ltr'>Athenienses</span> <span class='ocrx_word' id='word_1_128' title='bbox 659 1673 721 1735; x_wconf 86' lang='lat' dir='ltr'>erat,</span> <span class='ocrx_word' id='word_1_129' title='bbox 740 1677 771 1723; x_wconf 92' lang='lat' dir='ltr'>ut</span> <span class='ocrx_word' id='word_1_130' title='bbox 783 1688 817 1724; x_wconf 86' lang='lat' dir='ltr'>ex</span> <span class='ocrx_word' id='word_1_131' title='bbox 828 1672 913 1725; x_wconf 86' lang='lat' dir='ltr'>conti-</span> 
     </span>
     <span class='ocr_line' id='line_1_21' title="bbox 104 1745 909 1813; baseline 0 -13"><span class='ocrx_word' id='word_1_132' title='bbox 104 1747 176 1800; x_wconf 88' lang='lat' dir='ltr'>nenti</span> <span class='ocrx_word' id='word_1_133' title='bbox 188 1745 351 1800; x_wconf 86' lang='lat' dir='ltr'>Alcibiadem</span> <span class='ocrx_word' id='word_1_134' title='bbox 362 1747 456 1800; x_wconf 92' lang='lat' dir='ltr'>ducem</span> <span class='ocrx_word' id='word_1_135' title='bbox 465 1747 570 1800; x_wconf 91' lang='lat' dir='ltr'>Conone</span> <span class='ocrx_word' id='word_1_136' title='bbox 583 1752 726 1808; x_wconf 83' lang='lat' dir='ltr'>mutarent,</span> <span class='ocrx_word' id='word_1_137' title='bbox 742 1745 909 1813; x_wconf 61' lang='lat' dir='ltr'>arbitrantes</span> 
     </span>
     <span class='ocr_line' id='line_1_22' title="bbox 104 1819 909 1891; baseline 0 -17"><span class='ocrx_word' id='word_1_138' title='bbox 104 1821 187 1874; x_wconf 84' lang='lat' dir='ltr'>victos</span> <span class='ocrx_word' id='word_1_139' title='bbox 206 1837 235 1872; x_wconf 93' lang='lat' dir='ltr'>se</span> <span class='ocrx_word' id='word_1_140' title='bbox 254 1838 306 1874; x_wconf 93' lang='lat' dir='ltr'>non</span> <span class='ocrx_word' id='word_1_141' title='bbox 329 1819 433 1875; x_wconf 80' lang='lat' dir='ltr'>fortuna</span> <span class='ocrx_word' id='word_1_142' title='bbox 452 1820 528 1884; x_wconf 87' lang='lat' dir='ltr'>belli,</span> <span class='ocrx_word' id='word_1_143' title='bbox 554 1819 600 1874; x_wconf 93' lang='lat' dir='ltr'>sed</span> <span class='ocrx_word' id='word_1_144' title='bbox 622 1819 714 1874; x_wconf 87' lang='lat' dir='ltr'>lraude</span> <span class='ocrx_word' id='word_1_145' title='bbox 732 1820 909 1891; x_wconf 87' lang='lat' dir='ltr'>imperatoris,</span> 
     </span>
     <span class='ocr_line' id='line_1_23' title="bbox 104 1893 910 1966; baseline 0.002 -18"><span class='ocrx_word' id='word_1_146' title='bbox 104 1893 176 1964; x_wconf 90' lang='lat' dir='ltr'>apud</span> <span class='ocrx_word' id='word_1_147' title='bbox 190 1911 271 1964; x_wconf 91' lang='lat' dir='ltr'>quem</span> <span class='ocrx_word' id='word_1_148' title='bbox 285 1894 347 1964; x_wconf 89' lang='lat' dir='ltr'>plus</span> <span class='ocrx_word' id='word_1_149' title='bbox 361 1895 433 1965; x_wconf 91' lang='lat' dir='ltr'>prior</span> <span class='ocrx_word' id='word_1_150' title='bbox 447 1894 544 1948; x_wconf 81' lang='lat' dir='ltr'>offensa</span> <span class='ocrx_word' id='word_1_151' title='bbox 555 1894 690 1959; x_wconf 87' lang='lat' dir='ltr'>valuisset,</span> <span class='ocrx_word' id='word_1_152' title='bbox 705 1912 786 1966; x_wconf 91' lang='lat' dir='ltr'>qnam</span> <span class='ocrx_word' id='word_1_153' title='bbox 798 1897 910 1950; x_wconf 87' lang='lat' dir='ltr'>recentia</span> 
     </span>
     <span class='ocr_line' id='line_1_24' title="bbox 103 1967 909 2040; baseline 0 -16"><span class='ocrx_word' id='word_1_154' title='bbox 103 1967 240 2024; x_wconf 83' lang='lat' dir='ltr'>beneficia.</span> <span class='ocrx_word' id='word_1_155' title='bbox 271 1969 371 2024; x_wconf 90' lang='lat' dir='ltr'>Vicisse</span> <span class='ocrx_word' id='word_1_156' title='bbox 382 1977 469 2022; x_wconf 91' lang='lat' dir='ltr'>antem</span> <span class='ocrx_word' id='word_1_157' title='bbox 479 1985 541 2022; x_wconf 90' lang='lat' dir='ltr'>eum</span> <span class='ocrx_word' id='word_1_158' title='bbox 551 1970 638 2040; x_wconf 89' lang='lat' dir='ltr'>priore</span> <span class='ocrx_word' id='word_1_159' title='bbox 647 1969 717 2024; x_wconf 92' lang='lat' dir='ltr'>bello</span> <span class='ocrx_word' id='word_1_160' title='bbox 726 1969 784 2024; x_wconf 89' lang='lat' dir='ltr'>ideo</span> <span class='ocrx_word' id='word_1_161' title='bbox 795 1978 909 2036; x_wconf 89' lang='lat' dir='ltr'>tantum,</span> 
     </span>
     <span class='ocr_line' id='line_1_25' title="bbox 104 2042 911 2116; baseline 0.002 -18"><span class='ocrx_word' id='word_1_162' title='bbox 104 2052 135 2098; x_wconf 91' lang='lat' dir='ltr'>nt</span> <span class='ocrx_word' id='word_1_163' title='bbox 148 2042 293 2098; x_wconf 86' lang='lat' dir='ltr'>ostenderet</span> <span class='ocrx_word' id='word_1_164' title='bbox 308 2044 438 2109; x_wconf 86' lang='lat' dir='ltr'>hostibus,</span> <span class='ocrx_word' id='word_1_165' title='bbox 458 2061 539 2116; x_wconf 92' lang='lat' dir='ltr'>quem</span> <span class='ocrx_word' id='word_1_166' title='bbox 554 2044 649 2098; x_wconf 89' lang='lat' dir='ltr'>ducem</span> <span class='ocrx_word' id='word_1_167' title='bbox 663 2046 833 2115; x_wconf 88' lang='lat' dir='ltr'>sprevissent,</span> <span class='ocrx_word' id='word_1_168' title='bbox 846 2053 871 2100; x_wconf 90' lang='lat' dir='ltr'>et</span> <span class='ocrx_word' id='word_1_169' title='bbox 880 2053 911 2100; x_wconf 90' lang='lat' dir='ltr'>ut</span> 
     </span>
     <span class='ocr_line' id='line_1_26' title="bbox 104 2118 913 2191; baseline 0.001 -17"><span class='ocrx_word' id='word_1_170' title='bbox 104 2121 191 2174; x_wconf 88' lang='lat' dir='ltr'>carius</span> <span class='ocrx_word' id='word_1_171' title='bbox 205 2118 243 2174; x_wconf 88' lang='lat' dir='ltr'>eis</span> <span class='ocrx_word' id='word_1_172' title='bbox 259 2119 344 2191; x_wconf 89' lang='lat' dir='ltr'>ipsam</span> <span class='ocrx_word' id='word_1_173' title='bbox 362 2119 495 2175; x_wconf 89' lang='lat' dir='ltr'>victoriam</span> <span class='ocrx_word' id='word_1_174' title='bbox 506 2119 636 2174; x_wconf 89' lang='lat' dir='ltr'>venderet.</span> <span class='ocrx_word' id='word_1_175' title='bbox 667 2119 762 2174; x_wconf 89' lang='lat' dir='ltr'>Omnia</span> <span class='ocrx_word' id='word_1_176' title='bbox 773 2121 843 2174; x_wconf 89' lang='lat' dir='ltr'>enim</span> <span class='ocrx_word' id='word_1_177' title='bbox 855 2139 913 2175; x_wconf 87' lang='lat' dir='ltr'>cre·</span> 
     </span>
     <span class='ocr_line' id='line_1_27' title="bbox 104 2193 913 2269; baseline -0.002 -19"><span class='ocrx_word' id='word_1_178' title='bbox 104 2195 197 2250; x_wconf 92' lang='lat' dir='ltr'>dibilia</span> <span class='ocrx_word' id='word_1_179' title='bbox 210 2195 238 2250; x_wconf 92' lang='lat' dir='ltr'>in</span> <span class='ocrx_word' id='word_1_180' title='bbox 254 2193 390 2251; x_wconf 89' lang='lat' dir='ltr'>Alcibiade</span> <span class='ocrx_word' id='word_1_181' title='bbox 403 2195 593 2269; x_wconf 78' lang='lat' dir='ltr'>vig&#39;oringenii</span> <span class='ocrx_word' id='word_1_182' title='bbox 603 2202 628 2249; x_wconf 93' lang='lat' dir='ltr'>et</span> <span class='ocrx_word' id='word_1_183' title='bbox 638 2212 743 2249; x_wconf 85' lang='lat' dir='ltr'>morum</span> <span class='ocrx_word' id='word_1_184' title='bbox 754 2194 860 2249; x_wconf 89' lang='lat' dir='ltr'>luxuria</span> <span class='ocrx_word' id='word_1_185' title='bbox 870 2195 913 2249; x_wconf 86' lang='lat' dir='ltr'>fa-</span> 
     </span>
     <span class='ocr_line' id='line_1_28' title="bbox 104 2269 917 2344; baseline 0 -20"><span class='ocrx_word' id='word_1_186' title='bbox 104 2271 197 2324; x_wconf 87' lang='lat' dir='ltr'>ciebat.</span> <span class='ocrx_word' id='word_1_187' title='bbox 228 2271 333 2327; x_wconf 89' lang='lat' dir='ltr'>Veritus</span> <span class='ocrx_word' id='word_1_188' title='bbox 344 2271 431 2344; x_wconf 90' lang='lat' dir='ltr'>itaque</span> <span class='ocrx_word' id='word_1_189' title='bbox 441 2269 619 2324; x_wconf 90' lang='lat' dir='ltr'>multitudinis</span> <span class='ocrx_word' id='word_1_190' title='bbox 632 2270 771 2340; x_wconf 90' lang='lat' dir='ltr'>impetum,</span> <span class='ocrx_word' id='word_1_191' title='bbox 783 2269 871 2324; x_wconf 90' lang='lat' dir='ltr'>denuo</span> <span class='ocrx_word' id='word_1_192' title='bbox 881 2271 917 2325; x_wconf 89' lang='lat' dir='ltr'>in·</span> 
     </span>
     <span class='ocr_line' id='line_1_29' title="bbox 104 2344 611 2416; baseline 0 -18"><span class='ocrx_word' id='word_1_193' title='bbox 104 2344 285 2399; x_wconf 85' lang='lat' dir='ltr'>voluntarium</span> <span class='ocrx_word' id='word_1_194' title='bbox 294 2346 417 2400; x_wconf 86' lang='lat' dir='ltr'>exsilium</span> <span class='ocrx_word' id='word_1_195' title='bbox 428 2345 611 2416; x_wconf 87' lang='lat' dir='ltr'>proficiscitur.</span> 
     </span>
    </p>

    <p class='ocr_par' dir='ltr' id='par_1_4' title="bbox 104 2416 915 2784">
     <span class='ocr_line' id='line_1_30' title="bbox 160 2416 912 2490; baseline 0.001 -19"><span class='ocrx_word' id='word_1_196' title='bbox 160 2418 229 2471; x_wconf 77' lang='lat' dir='ltr'>Cra.</span> <span class='ocrx_word' id='word_1_197' title='bbox 241 2418 285 2474; x_wconf 88' lang='lat' dir='ltr'>Vl.</span> <span class='ocrx_word' id='word_1_198' title='bbox 307 2422 398 2490; x_wconf 87' lang='lat' dir='ltr'>Itaque</span> <span class='ocrx_word' id='word_1_199' title='bbox 410 2420 501 2474; x_wconf 89' lang='lat' dir='ltr'>Conon</span> <span class='ocrx_word' id='word_1_200' title='bbox 514 2416 644 2474; x_wconf 89' lang='lat' dir='ltr'>Alcibiadi</span> <span class='ocrx_word' id='word_1_201' title='bbox 657 2417 791 2484; x_wconf 85' lang='lat' dir='ltr'>suffectus,</span> <span class='ocrx_word' id='word_1_202' title='bbox 808 2418 912 2473; x_wconf 86' lang='lat' dir='ltr'>habens</span> 
     </span>
     <span class='ocr_line' id='line_1_31' title="bbox 104 2491 912 2559; baseline 0.009 -18"><span class='ocrx_word' id='word_1_203' title='bbox 104 2497 164 2543; x_wconf 86' lang='lat' dir='ltr'>ante</span> <span class='ocrx_word' id='word_1_204' title='bbox 178 2491 276 2554; x_wconf 86' lang='lat' dir='ltr'>oculos,</span> <span class='ocrx_word' id='word_1_205' title='bbox 293 2493 336 2546; x_wconf 90' lang='lat' dir='ltr'>cui</span> <span class='ocrx_word' id='word_1_206' title='bbox 351 2492 413 2550; x_wconf 83' lang='lat' dir='ltr'>duci</span> <span class='ocrx_word' id='word_1_207' title='bbox 427 2494 603 2559; x_wconf 86' lang='lat' dir='ltr'>successisset,</span> <span class='ocrx_word' id='word_1_208' title='bbox 620 2493 730 2547; x_wconf 89' lang='lat' dir='ltr'>classem</span> <span class='ocrx_word' id='word_1_209' title='bbox 739 2491 912 2548; x_wconf 80' lang='lat' dir='ltr'>maxima&#39;in-</span> 
     </span>
     <span class='ocr_line' id='line_1_32' title="bbox 104 2563 912 2632; baseline 0.011 -19"><span class='ocrx_word' id='word_1_210' title='bbox 104 2563 204 2616; x_wconf 88' lang='lat' dir='ltr'>dustria</span> <span class='ocrx_word' id='word_1_211' title='bbox 216 2573 337 2619; x_wconf 83' lang='lat' dir='ltr'>exornat:</span> <span class='ocrx_word' id='word_1_212' title='bbox 358 2566 405 2620; x_wconf 92' lang='lat' dir='ltr'>sed</span> <span class='ocrx_word' id='word_1_213' title='bbox 420 2568 534 2621; x_wconf 89' lang='lat' dir='ltr'>navibus</span> <span class='ocrx_word' id='word_1_214' title='bbox 547 2568 676 2621; x_wconf 87' lang='lat' dir='ltr'>exercitus</span> <span class='ocrx_word' id='word_1_215' title='bbox 687 2566 782 2632; x_wconf 88' lang='lat' dir='ltr'>deerat,</span> <span class='ocrx_word' id='word_1_216' title='bbox 798 2566 912 2622; x_wconf 84' lang='lat' dir='ltr'>fortissi-</span> 
     </span>
     <span class='ocr_line' id='line_1_33' title="bbox 105 2635 915 2711; baseline 0.012 -26"><span class='ocrx_word' id='word_1_217' title='bbox 105 2635 156 2700; x_wconf 87' lang='lat' dir='ltr'>mis</span> <span class='ocrx_word' id='word_1_218' title='bbox 167 2637 320 2708; x_wconf 89' lang='lat' dir='ltr'>quibusque</span> <span class='ocrx_word' id='word_1_219' title='bbox 330 2639 357 2691; x_wconf 91' lang='lat' dir='ltr'>in</span> <span class='ocrx_word' id='word_1_220' title='bbox 369 2639 445 2694; x_wconf 87' lang='lat' dir='ltr'>Asiae</span> <span class='ocrx_word' id='word_1_221' title='bbox 455 2639 623 2711; x_wconf 90' lang='lat' dir='ltr'>populatione</span> <span class='ocrx_word' id='word_1_222' title='bbox 633 2641 748 2695; x_wconf 79' lang='lat' dir='ltr'>amissis</span> <span class='ocrx_word' id='word_1_223' title='bbox 765 2641 915 2696; x_wconf 88' lang='lat' dir='ltr'>Armantur</span> 
     </span>
     <span class='ocr_line' id='line_1_34' title="bbox 106 2709 914 2784; baseline 0.022 -31"><span class='ocrx_word' id='word_1_224' title='bbox 106 2709 191 2759; x_wconf 85' lang='lat' dir='ltr'>tamen</span> <span class='ocrx_word' id='word_1_225' title='bbox 206 2726 280 2763; x_wconf 90' lang='lat' dir='ltr'>senes</span> <span class='ocrx_word' id='word_1_226' title='bbox 291 2718 336 2764; x_wconf 85' lang='lat' dir='ltr'>aut</span> <span class='ocrx_word' id='word_1_227' title='bbox 350 2711 501 2783; x_wconf 90' lang='lat' dir='ltr'>impuberes</span> <span class='ocrx_word' id='word_1_228' title='bbox 516 2715 601 2784; x_wconf 86' lang='lat' dir='ltr'>pueri,</span> <span class='ocrx_word' id='word_1_229' title='bbox 614 2723 639 2770; x_wconf 90' lang='lat' dir='ltr'>et</span> <span class='ocrx_word' id='word_1_230' title='bbox 652 2733 781 2770; x_wconf 88' lang='lat' dir='ltr'>numerus</span> <span class='ocrx_word' id='word_1_231' title='bbox 791 2714 914 2771; x_wconf 86' lang='lat' dir='ltr'>militurn</span> 
     </span>
    </p>
   </div>
   <div class='ocr_carea' id='block_1_3' title="bbox 0 0 1020 3010">
    <p class='ocr_par' dir='ltr' id='par_1_5' title="bbox 0 0 1020 3010">
     <span class='ocr_line' id='line_1_35' title="bbox 0 0 1020 3010; baseline 0 0"><span class='ocrx_word' id='word_1_232' title='bbox 0 0 1020 3010; x_wconf 95' lang='lat' dir='ltr'> </span> 
     </span>
    </p>
   </div>
  </div>
 </body>
</html>
