1998 3006
99 134 147 184 ¹06
330 137 476 182 IUSTINI
494 137 652 183 HISTOR.

97 238 218 309 insignis,
233 237 280 306 qui
296 235 394 290 bellum
411 236 568 308 iampridem
580 235 668 291 audita
683 235 828 290 Alexandri
841 236 899 308 opi-

96 313 174 366 nione
186 311 213 364 iu
224 310 366 366 adventum
376 312 433 364 eius
442 313 557 382 parabat.
579 311 725 366 Commisso
730 311 819 382 itaque
823 327 898 382 proe-

96 386 131 440 lio
141 385 284 440 exercitum
299 403 378 440 suum
389 387 544 440 Macedonas
555 386 678 440 invadere
687 386 772 453 iubet;
795 387 846 439 sibi
856 403 898 440 re-

94 477 155 533 gem
169 477 260 514 eorum
277 461 411 532 privatum
421 461 522 515 hostem
534 461 656 531 deposcit.
683 462 737 515 Nec
749 460 898 515 Alexander

94 553 201 607 pugnae
214 553 315 590 moram
329 535 401 590 feeit:
423 536 469 590 sed
482 537 569 607 prima
578 537 762 608 congressione
774 535 898 591 vnlnera-

94 618 120 663 to
134 627 203 682 equo
220 628 306 682 quum
319 628 441 682 praeceps
456 611 489 666 ed
503 619 598 664 terrem
609 611 898 675 decidisset,·eoucursu

95 684 238 740 satellitum
253 694 382 742 servatur.
414 687 497 740 Porus
512 685 603 739 multis
619 684 776 741 vulneribus
786 688 898 740 obrutus

92 762 206 832 capitur.
234 761 287 827 Qui
303 761 403 817 victum
419 779 447 814 se
459 761 524 815 adeo
538 759 630 825 doluit,
646 768 684 823 ut,
695 779 782 832 quum
792 761 898 816 veniam

93 836 128 890 ab
140 837 212 890 hoste
225 837 371 908 accepisset,
383 853 468 906 neque
477 836 567 890 cibum
575 853 680 889 sumere
690 834 803 890 voluerit
814 853 900 906 neque
986 851 987 912 j

94 911 205 966 vulnera
216 912 302 966 curari
310 928 405 982 passus
416 911 462 977 sit;
485 927 614 983 aegreque
624 911 659 963 sit
667 911 700 964 ab
710 928 740 964 eo
749 911 896 976 obtentum,

95 993 125 1039 ut
139 985 216 1039 vellet
233 985 329 1039 vivere.
348 985 444 1050 'Quem
453 985 602 1040 Alexander
610 985 644 1038 ob
655 985 780 1039 honorem
793 984 899 1040 virtutis

94 1060 292 1114 incolumemin
305 1078 417 1132 regnum
428 1061 538 1116 remisit.
559 1059 897 1114 Duesibiurbescondidit:

94 1152 177 1188 unam
188 1135 320 1200 Nicaeam,
333 1134 438 1189 alteram
449 1153 481 1188 ex
493 1135 600 1200 nomine
609 1135 671 1206 equi
679 1134 901 1205 Bucephalenvo-

93 1203 173 1262 cavit.
203 1209 408 1273 lndeAdrestas,
420 1210 555 1274 CathaeoS,
572 1209 714 1272 Praesidae,
733 1209 900 1282 Gangaridas

91 1283 176 1337 eaesis
187 1296 278 1339 eorum
287 1285 445 1339 exercitibus
454 1293 597 1358 expugnat.
627 1284 716 1350 Quum
727 1283 760 1338 ad
771 1284 900 1354 Cuphites

95 1359 218 1424 venisset,
230 1360 276 1414 nbi
287 1378 349 1414 eum
360 1361 475 1414 hostium
486 1358 902 1431 ducentemilliacquitumoppe-

95 1433 239 1500 riebantur,
254 1435 383 1490 exercitus
398 1434 485 1488 omnis
499 1452 553 1488 non
567 1434 657 1488 minus
668 1433 836 1489 victoriarum
847 1451 903 1488 nu·

95 1527 167 1564 mero
182 1527 264 1581 quam
279 1510 413 1564 laboribus
429 1508 515 1563 lessus
529 1508 646 1564 lacrimis
660 1526 721 1563 eum
734 1507 899 1578 deprecatur,

95 1587 171 1654 [inem
182 1590 285 1640 tandem
295 1589 355 1640 belli
364 1591 476 1655 [acerem
486 1589 629 1654 aliquando
635 1589 741 1652 patriae
750 1587 904 1652 reditusque

94 1664 264 1728 meminissem
284 1665 423 1728 respiceret
436 1663 548 1714 militum
564 1676 655 1722 annos,
667 1662 758 1727 quibes
767 1663 815 1712 vie
826 1668 905 1712 ectus

94 1738 131 1788 ed
149 1739 262 1787 reditum
275 1738 411 1804 sufficeret.
442 1733 584 1788 Ostendere
598 1733 667 1787 alius
682 1733 813 1797 canitiem,
830 1732 904 1786 alius

33 1824 35 1826 ·
95 1807 215 1872 vulnera,
233 1808 301 1862 alius
317 1815 397 1862 aetate
410 1817 548 1864 consumta
565 1825 680 1878 corpora,
693 1807 762 1861 alius
773 1807 906 1861 cicatrici-

94 1883 147 1936 bus
156 1881 298 1937 exhausta:
320 1885 388 1936 coloe
398 1901 425 1937 ee
434 1900 495 1946 esee,
506 1889 552 1952 qui
561 1888 672 1938 deorum
681 1899 779 1951 repunt,
786 1884 906 1950 Philippi

95 1958 301 2026 Alcmendriqee,
326 1962 474 2012 continuum
494 1961 616 2012 militiam
631 1960 799 2025 pertulerint.
830 1957 907 2011 Tan-

93 2031 156 2086 dem
171 2048 253 2097 orare,
273 2041 302 2086 ut
315 2035 443 2102 reliquiae
459 2035 550 2086 saltem
564 2049 627 2086 eece
639 2036 759 2100 paternis
771 2034 908 2100 sepulcris

95 2111 196 2170 reddet,
213 2125 323 2177 quoram
336 2125 389 2161 non
402 2111 496 2162 studiis
510 2110 647 2176 delicietur
656 2124 735 2175 quom
744 2111 835 2160 annu:
857 2125 906 2171 cc,

93 2187 119 2236 ai
133 2200 185 2236 non
199 2187 333 2242 militibus,
348 2185 389 2236 cel
404 2185 457 2249 ipse
467 2185 627 2248 sibipercct,
639 2198 670 2234 ree
680 2187 813 2251 fortunam
825 2199 911 2235 suurn

95 2261 174 2310 nimis
189 2262 321 2312 onerando
334 2261 432 2326 fatiget.
462 2256 548 2310 Motus
557 2255 604 2308 'his
615 2263 668 2310 tarn
679 2254 756 2308 iustis
766 2255 909 2326 precibus,

96 2328 207 2384 velutin
220 2331 301 2384 finem
312 2331 427 2395 victorie,
439 2336 521 2384 castra
532 2329 608 2384 solito
618 2329 843 2403 magnificentiora
857 2331 916 2384 fie—

95 2401 119 2454 ri
130 2402 216 2459 iussit.
228 2421 344 2473 quorum
354 2404 535 2460 molitionibus
545 2400 661 2459 ethosiis
672 2413 810 2458 terreretur
819 2413 846 2457 et
857 2422 918 2476 po-

93 2474 171 2527 steris
192 2475 330 2530 admiratio
349 2480 391 2532 sni
407 2478 608 2548 relinqueretur.
639 2479 750 2534 Nullum
767 2497 835 2550 opus
852 2481 919 2534 mi-

96 2541 155 2624 lites
166 2546 258 2629 laetius
267 2549 358 2604 fecere.
389 2555 479 2623 Itaque
489 2553 571 2606 caesis
581 2554 703 2608 hostibus
712 2571 774 2608 cum
784 2554 922 2628 gratula—

95 2621 167 2670 tione
175 2635 203 2672 rn
213 2620 304 2674 eadem
315 2633 487 2678 reverterunt.
