2044 3028
311 206 381 251 LIB.
403 207 545 260 XXXVIII.
576 208 656 252 CAP.
678 207 704 252 2.
858 201 909 254 235

103 303 205 361 auxilia
217 305 301 359 sorori
314 305 350 360 ad
363 305 550 377 expellendum
565 306 727 378 Cappadocia
740 305 909 361 Nicomedem
1013 347 1014 350 ,

104 379 193 435 mittit.
215 379 275 434 -Sed
288 379 340 434 iarn
355 380 470 436 Laudice
482 397 529 452 per
537 382 683 452 pactionem
697 399 725 435 se
735 379 870 450 Nicomedi
880 379 908 434 in

103 454 305 510 matrimonium
317 455 466 510 tradiderat.
496 455 573 522 Quod
586 473 662 529 aegre
675 455 762 509 ferens
771 451 909 510 Mithrida-

102 535 143 584 tes
151 528 281 600 praesidia
290 529 608 602 NicomedisCappadocia
618 529 733 601 expellit,
743 546 910 602 regnumque

102 605 201 659 sororis
212 603 266 658 filio
275 605 400 660 restituit:
421 605 559 678 egregium
568 621 677 676 pror-sm
686 603 793 669 iactum
805 604 833 659 ni
843 603 909 658 snb-

104 685 195 733 secuta
204 677 361 734 freusesset
381 678 521 751 Siquidem
531 679 814 734 interiectisurensihus
823 679 909 732 simu-

104 751 141 808 lat
155 769 184 808 se
194 752 333 820 Gordium,
347 771 401 826 quo
415 754 537 810 ministro
551 771 616 808 usus
627 755 655 808 in
664 753 800 809 Ariarathe
810 753 910 807 interfi-

101 827 198 882 ciendo
216 826 308 893 luerat,
330 829 465 884 restituere
484 829 512 884 in
527 829 639 900 patriam
653 828 729 893 velle,
747 845 865 899 sperans,
885 827 908 880 si

100 902 240 958 obsisteret
254 903 412 968 adclamans,
428 920 522 958 musas
536 902 599 958 belli
614 901 726 968 futuras,
742 912 796 967 aut,
812 902 835 956 si
850 919 910 973 per-

103 977 226 1041 mitteret,
238 993 285 1048 per
293 978 417 1033 eumdem
429 977 577 1032 flliumtolli
587 994 672 1050 posse,
683 993 819 1050 perquem
829 977 910 1032 iuter-

102 1051 198 1106 teoerat
207 1059 318 1122 patrem.
348 1052 425 1120 Quod
440 1053 488 1108 uhi
502 1051 652 1107 Ariarathes
666 1053 754 1108 iunior
768 1051 856 1107 moliri
865 1068 910 1106 co-

102 1127 206 1200 gnorit,
218 1127 334 1200 graviter
345 1125 431 1182 ferens
444 1126 632 1184 interfectorem
640 1127 722 1199 patris
732 1143 779 1198 per
789 1143 909 1182 avuncu-

104 1201 163 1258 lum
172 1202 341 1273 potissimum
352 1203 385 1256 ah
394 1201 616 1267 exsilicrevcca'ri,
624 1203 758 1276 ingentem
765 1202 909 1256 exercitum

102 1276 241 1331 eennahit.
274 1277 358 1350 Igitur
367 1293 453 1349 quum
468 1278 496 1331 in
509 1277 592 1332 aciem
602 1277 736 1332 eduxisset
745 1276 909 1333 Mithridates

103 1350 224 1422 peditum
234 1351 363 1425 octoginta
374 1350 466 1416 millia,
479 1353 601 1424 equitum
609 1352 699 1406 decem
709 1351 802 1416 millia,
814 1367 909 1406 currus

103 1425 211 1482 falcatos
221 1433 365 1492 sexcentos,
377 1443 426 1480 nec
435 1425 575 1493 Ariarathi,
588 1427 778 1482 auxiliantibus
788 1426 910 1480 finitimis

104 1501 223 1574 regibus,
234 1502 351 1556 minores
364 1501 454 1573 copiae
466 1509 565 1556 essent:
588 1503 717 1556 incertum
728 1500 792 1556 belli
802 1501 908 1565 timens,

103 1573 215 1631 consilia
230 1575 264 1630 ed
276 1575 387 1631 insidias
400 1575 535 1644 transfert3
557 1575 747 1648 sollicitatoque
762 1576 857 1630 iurene
876 1574 910 1629 ad

103 1649 370 1722 colloquium,quum
380 1649 479 1706 ferrum
488 1649 647 1706 occultatum
657 1651 725 1705 inter
734 1649 827 1704 fascias
835 1666 911 1724 gere-

104 1733 153 1791 ret,
164 1726 310 1790 scrutatori,
322 1726 356 1780 ab
364 1725 501 1782 Ariarathe
511 1727 584 1800 regio
592 1743 665 1782 more
675 1725 766 1790 misso,
778 1725 909 1780 curiosius

105 1802 193 1856 imum
204 1810 321 1856 ventrem
335 1801 501 1872 pertractanti
514 1802 564 1856 ait:
586 1809 696 1865 caveret,
707 1819 739 1855 ne
748 1803 822 1855 atiud
833 1803 911 1854 telum

104 1879 241 1938 inveniret,
252 1893 332 1946 quom
341 1885 499 1946 quaereret·
517 1876 604 1948 Atque
618 1877 653 1931 ita
667 1876 723 1929 risu
738 1875 859 1948 protectis
868 1875 911 1930 in·
1013 1941 1014 1944 Ἴ

103 1950 192 2014 aldiis,
212 1957 363 2006 sevocatum
385 1951 419 2005 ab
438 1951 530 2005 amieis
542 1950 613 2006 velut
625 1951 659 2006 ad
672 1959 801 2006 secretum
810 1967 911 2006 sermo-

105 2043 177 2090 nem,
194 2025 356 2096 inspectante
368 2034 482 2098 utroque
495 2026 619 2091 exercitu,
636 2025 771 2080 interficit:
797 2042 910 2099 regnum

102 2099 284 2172 Cappadociae
294 2107 350 2156 octo
360 2118 490 2156 annerum
502 2100 698 2172 lilio,impoeito
707 2100 852 2154 Ariarathis
863 2116 911 2153 no-
984 2135 987 2140 -

104 2176 179 2230 mine
189 2174 330 2247 additoque
338 2176 362 2230 ei
374 2185 469 2231 rectore
480 2175 586 2240 Gordio,
598 2175 712 2230 tradidit.

161 2249 230 2304 Car.
255 2251 286 2304 ll.
314 2248 366 2304 Sed
390 2250 556 2322 Cappadoces
579 2249 731 2304 erudelitate
753 2266 783 2304 ao
801 2247 912 2304 libidine

104 2323 295 2398 praefectorum
306 2325 392 2379 vexati
405 2343 420 2380 a
430 2324 581 2380 Mithridate
592 2324 731 2392 deliciunt3
752 2323 912 2396 fratremque

104 2401 185 2472 regis,
197 2406 223 2454 et
234 2399 324 2472 ipsum
334 2400 498 2454 Ariarathem
509 2400 624 2464 nomine,
636 2399 746 2464 ahAsia,
760 2399 806 2454 uhi
815 2398 913 2454 educa-

104 2475 192 2540 batur,
201 2482 336 2530 revccant:
357 2491 419 2530 rum
429 2491 484 2548 quo
493 2474 656 2531 Mithridates
665 2473 795 2546 proelium
805 2480 913 2528 renouat
972 2517 974 2520 .

105 2550 261 2622 victumque
272 2549 451 2620 Cappadociae
459 2558 541 2624 regno
549 2549 667 2621 expellit.
698 2547 845 2604 Necmulto
853 2555 913 2616 post

102 2623 257 2680 adolescens
275 2641 309 2678 ex
329 2625 495 2698 aegritudine
512 2625 617 2680 collecto
634 2624 786 2679 infirmitate
800 2620 910 2677 decedit.

103 2701 167 2754 Post
181 2698 264 2754 huius
282 2709 393 2755 mortem
408 2701 562 2757 Nicomedes
582 2701 686 2764 timens,
703 2715 736 2752 ne
749 2694 912 2753 Mithridates
