2014 3000
127 169 163 220 80
365 170 513 216 IUSTINI
532 166 689 216 HISTOR.
775 213 779 216 .

131 271 284 341 Philippum
298 269 325 324 in
341 270 451 324 transitu
467 271 612 334 obtruncat,
629 269 753 342 diemque
765 268 877 322 laetitiae
887 269 931 324 de-

127 348 256 400 stinatum
269 344 375 399 foedum
389 345 461 400 luctu
471 345 571 400 funeris
582 345 651 400 lacit.
672 345 719 398 llic
728 345 821 415 primis
835 345 931 414 puber-

129 421 189 474 tatis
203 421 279 473 annis
295 428 417 490 stuprum
435 437 481 490 per
494 421 619 474 iniuriam
630 438 724 490 passus
735 420 767 473 ab
781 419 866 473 Attalo
876 419 931 472 lue-

130 587 190 623 nam
204 569 360 640 perductum
371 570 398 624 in
409 570 562 624 convivium
573 569 742 640 solutumque
753 569 930 624 meroAttalus

130 661 183 698 nou
198 661 261 698 suae
275 651 391 709 tantum,
406 662 500 698 verum
515 652 540 698 et
552 645 725 698 convivarum
740 643 846 697 libidini
860 643 932 698 velut
987 643 988 654 ¹

129 727 245 773 scortum
266 719 317 774 vile
337 715 491 782 subiecerat
507 718 707 790 ludibriumque
724 718 846 772 omnium
867 719 931 771 inter

129 794 253 866 aequales
267 794 423 848 reddiderat.
453 795 526 848 Hanc
540 811 594 847 rem
610 811 685 866 aegre
695 792 778 846 ferens
789 793 931 846 Pausanias

129 869 266 941 querelam
275 869 397 941 Philippo
407 886 483 940 saepe
493 869 626 923 detulerat.
638 869 727 934 Quum
734 868 813 921 variis
824 867 933 922 frustra·
987 875 988 942 ξ

130 945 247 998 tionibus
262 959 314 998 non
330 945 387 998 sine
402 944 457 998 risu
468 943 613 998 differretur
624 952 648 997 et
657 943 813 997 honoratum
825 943 933 1014 insuper
987 1007 988 1012 Ἰ

128 1019 228 1072 ducatu
238 1017 419 1073 adversarium
430 1027 553 1083 cerneret,
563 1019 629 1072 iram
640 1019 667 1072 in
679 1019 768 1088 ipsum
778 1017 934 1088 Philippum

131 1094 217 1156 vertit,
238 1093 428 1166 ultionemque,
446 1111 527 1164 quam
546 1093 739 1148 abadversario
756 1109 809 1147 non
822 1101 932 1164 poterat,

129 1167 164 1222 ab
177 1168 271 1239 iniquo
281 1167 367 1222 iudice
379 1168 475 1242 exegit.
987 1227 988 1230 Ἴ

186 1243 257 1298 Cra.
271 1242 329 1300 Vll.
350 1243 485 1298 Creditum
496 1250 534 1296 est
543 1241 621 1296 etiam
634 1241 786 1296 immissum
796 1241 830 1294 ab
841 1240 936 1314 Olym-

130 1317 217 1390 piade,
230 1325 312 1372 matre
322 1317 475 1381 Alexandri,
488 1317 582 1384 luisse3
595 1334 644 1370 nec
652 1317 741 1388 ipsum
752 1316 936 1371 Alexandrum
987 1323 988 1378 i

131 1395 255 1466 ignarum
269 1399 390 1464 paternae
404 1391 490 1446 caedis
500 1391 644 1446 exstitisse:
666 1394 765 1464 quippe
777 1409 830 1445 non
844 1393 937 1446 minus

132 1467 318 1542 Olympiadem
338 1467 480 1538 repudium
499 1474 524 1520 et
542 1466 683 1538 praelatam
699 1467 750 1520 sibi
769 1465 936 1538 Cleopatram
987 1467 988 1496 ;

130 1561 213 1615 quam
225 1543 347 1615 stuprum
358 1542 515 1596 Pausaniam
526 1541 649 1596 doluisse.
675 1539 858 1596 Alexandrum
869 1560 939 1614 quc-

132 1637 185 1690 que
198 1619 272 1692 regui
286 1617 421 1672 aemulum
440 1616 545 1672 fratrem
565 1635 598 1672 ex
612 1633 722 1670 noverca
735 1624 890 1688 susceptum
904 1618 940 1670 ti-

131 1693 245 1760 muisse3
276 1709 359 1764 eoque
377 1691 485 1758 lactum,
507 1700 537 1747 ut
551 1691 577 1746 in
593 1691 715 1746 convivio
729 1700 801 1746 antea
815 1693 939 1762 primum

131 1785 193 1822 cum
204 1767 369 1831 Attalo,mox
379 1785 441 1822 cum
451 1767 508 1838 ipso
519 1775 590 1838 patre
599 1768 727 1840 iurgaret:
744 1767 808 1821 adeo
818 1773 848 1821 ut
858 1768 939 1822 etiam

132 1843 220 1896 stricte
233 1841 322 1915 gladio
331 1859 392 1896 eum
403 1841 543 1912 Philippus
553 1850 714 1896 consectatus
724 1843 766 1906 sit,
780 1860 939 1915 aegrequee

132 1917 181 1971 filii
200 1917 278 1971 caede
291 1917 436 1970 amicorum
450 1917 573 1986 precibus
591 1925 719 1971 exoratus.
756 1916 939 1982 Quamobrem

131 1991 280 2047 Alexander
289 1992 322 2046 ad
333 1991 496 2046 avunculum
507 2009 535 2044 se
545 1992 690 2062 inEpirum
701 2009 762 2044 cum
773 2000 866 2056 matre,
877 1993 940 2046 inde

130 2061 942 2140 adregemlllyriorumcontulerat3vixquerevocantimitiga-

130 2153 174 2198 tus
184 2150 224 2196 est
232 2141 309 2214 patri,
322 2138 498 2211 precibusque
507 2145 678 2208 cognatorum
689 2154 765 2209 aegre
775 2138 944 2194 redii-eccm-

131 2217 237 2289 pulsus.
268 2213 406 2288 Olympias
421 2211 734 2284 quoquelratremsuum
744 2211 945 2279 Alexandrum,

131 2292 206 2360 Epiri
218 2308 315 2364 regem,
332 2288 361 2344 in
375 2287 476 2342 bellum
486 2285 660 2341 subornabat:
681 2287 904 2358 pervicissetque‚
918 2289 946 2343 ni

133 2365 202 2419 filiae
222 2365 322 2435 nuptiis
337 2371 410 2434 pater
426 2379 554 2435 generum
568 2367 719 2431 occupasset
758 2361 805 2414 llis
823 2364 948 2418 stimulis

133 2441 233 2491 irarum
243 2437 511 2508 utriquePausaniam
522 2435 554 2489 de
564 2434 718 2506 impunitate
729 2437 815 2506 stupri
825 2439 871 2492 sui
878 2457 948 2512 que-

133 2517 232 2563 rentem
244 2511 277 2564 ad
291 2518 391 2564 tantum
403 2510 505 2564 facinus
516 2509 653 2580 impulisse
662 2509 814 2565 creduntur,
846 2513 950 2588 Olym·
987 2507 988 2564 l

133 2582 191 2648 pias
210 2591 277 2636 certe
296 2583 407 2655 fugienti
421 2584 568 2653 percussori
583 2602 665 2656 equos
679 2582 789 2656 quoque
800 2603 950 2659 praepara·
987 2579 988 2610 ³

132 2658 173 2702 tos
182 2653 284 2708 hahuit.
314 2657 373 2726 Ipsa
384 2651 486 2723 deinde,
503 2658 589 2712 audita
601 2659 670 2733 regis
681 2676 750 2726 nece,
766 2677 856 2732 quum
868 2663 950 2720 titulo
987 2657 988 2676 ¹

925 2905 936 2966 r
