2022 3010
111 148 144 196 58
344 152 495 198 IUSTINI
517 151 674 196 HISTOR.

111 263 213 308 ctarum
233 250 337 306 eadem:
358 251 458 322 quibus
470 269 555 323 quum
566 251 639 322 paria
652 250 741 304 omnia
752 249 855 305 fortuna
868 249 914 305 de-

109 327 186 388 derit,
217 325 347 380 invictum
365 333 453 380 tamen
474 327 508 379 ab
527 325 606 380 altero
625 335 769 397 utrumque
788 325 912 380 servavit.

111 403 224 472 Magnus
246 401 328 472 igitur
343 400 482 454 amborum
496 408 636 472 apparatus
653 399 725 464 belli,
745 417 856 472 magnae
872 418 913 454 res

108 483 197 548 gestae
215 473 329 529 luerunt.
359 474 410 528 Sed
425 475 557 530 Cononem
571 475 663 529 seditio
675 475 790 528 militum
801 474 911 541 invadit,

109 567 178 621 quos
193 549 315 620 praefecti
329 550 399 622 regis
411 548 532 604 fraudare
548 549 678 620 stipendio
692 549 761 604 soliti
776 557 862 617 erant;
883 567 914 604 eo

111 625 254 678 instantius
271 625 358 678 debita
372 625 548 696 poscentibus
566 643 619 697 quo
633 625 782 696 graviorem
792 625 844 678 sub
857 641 915 678 ma-

110 717 166 773 gno
180 698 246 754 duee
258 699 380 754 militiam
396 701 606 770 praesumebant.
637 702 728 770 ltaque
743 698 847 764 Conon,
867 698 913 752 diu

111 793 172 848 rege
190 793 237 846 per
251 774 372 847 epistolas
387 773 482 830 frustra
499 774 612 846 fatigato,
631 774 664 828 ad
677 781 842 844 postremum
859 773 915 844 ipse

110 851 146 904 ad
160 868 223 904 eum
235 851 333 922 pergit;
356 869 370 904 a
384 850 459 904 cuius
474 857 577 921 aspectu
591 857 614 902 et
624 848 754 920 colloquio
765 849 914 918 prohibitus

110 932 160 990 est,
181 924 329 996 quodcum
346 941 418 977 more
433 926 570 978 Persarum
581 923 688 978 adorare
698 922 789 988 nollet;
812 923 866 994 agit
877 931 916 976 ta-

112 1016 174 1053 men
189 1005 251 1051 cum
261 1015 291 1051 eo
301 1015 347 1068 per
360 997 542 1062 internuntios
555 1005 580 1051 et
588 999 715 1070 queritur,
727 1001 916 1065 opulentissimi

111 1077 181 1141 repis
198 1075 266 1126 bello
279 1077 368 1139 inopia
382 1075 464 1125 dilabi
468 1093 477 1139 ;
497 1081 529 1136 et,
546 1077 591 1141 qui
606 1077 749 1126 exercitum
762 1086 855 1139 parem
869 1075 916 1125 ho-

110 1149 194 1200 stibus
202 1150 303 1209 habeat,
311 1151 425 1214 pecunie
437 1151 514 1209 vinci,
527 1156 703 1215 quoproertet,
715 1151 916 1216 inferioremque

109 1221 170 1274 eum
189 1239 220 1274 eo
239 1229 316 1288 porte
333 1225 430 1274 virium
444 1225 563 1284 irtoeoiri,
580 1239 633 1290 quc
647 1224 720 1289 lonpe
734 1225 855 1288 superior
868 1226 915 1275 eit.

112 1294 236 1359 Postulat,
249 1295 306 1349 dari
320 1294 371 1348 sibi
387 1294 538 1348 ministrum
554 1295 696 1366 impensae,
712 1296 775 1366 quia
790 1294 915 1366 pluribus

113 1369 140 1422 id
154 1369 278 1424 mandare
287 1369 465 1440 perniciosum
476 1369 519 1423 sit.
540 1371 604 1423 Dato
614 1369 752 1440 stipendio,
765 1369 798 1422 ad
804 1369 915 1424 classem

111 1445 266 1500 remittitur:
288 1461 336 1498 neo
350 1461 449 1498 moram
465 1443 573 1517 agendis
584 1444 663 1498 rebus
674 1443 746 1513 lacit3
769 1443 852 1498 multa
862 1443 917 1499 for-

76 1579 79 1582 ,
106 1521 180 1587 ‚titer,
198 1519 281 1575 multe
294 1519 402 1574 feliciter
416 1518 483 1593 agit:
505 1536 581 1592 agros
596 1518 702 1573 hostiles
718 1527 813 1574 vastat:
835 1519 917 1574 urbes

109 1605 260 1669 expugnat:
285 1603 323 1661 et,
340 1593 418 1667 quasi
432 1603 569 1666 tempestas
585 1592 724 1666 quaedam,
744 1601 837 1648 cuncta
855 1611 918 1667 pro-

111 1671 214 1724 sternit.
245 1670 349 1736 Quibus
364 1671 442 1723 rebus
461 1670 540 1724 territi
550 1668 758 1733 Lacedaemonii,
771 1669 805 1722 ad
817 1669 918 1740 patriae

110 1745 264 1798 subsidium
280 1743 456 1798 revocandum
472 1745 505 1798 ab
515 1744 577 1798 Asia
596 1744 749 1817 Agesilaum
760 1743 916 1798 decernunt.

168 1819 238 1872 Cir.
260 1820 302 1872 lll.
324 1818 430 1873 interim
444 1819 602 1882 PisandruS,
622 1819 656 1873 ab
675 1817 796 1891 Agesilao
809 1817 918 1890 profici-

110 1901 199 1947 scente
218 1893 275 1946 dux
293 1893 390 1964 patriae
404 1892 517 1956 relictus,
538 1893 670 1965 ingentem
681 1893 790 1947 classem
801 1893 917 1948 summis

112 1967 216 2023 viribus
229 1968 344 2033 instruit,
361 1966 568 2022 fortunammelli
579 1975 734 2022 tentaturus.
764 1969 817 2021 Nec
827 1985 882 2022 non
892 1975 918 2022 et

110 2043 202 2098 Conon
213 2051 276 2097 tunc
285 2043 402 2114 primum
413 2060 474 2096 cum
485 2043 916 2108 hostiumexercituooncursuruS,

107 2137 209 2192 ¹magua
226 2137 287 2173 cura
301 2118 404 2173 ordinat
417 2136 489 2173 suos,
520 2117 629 2173 Summa
639 2118 721 2190 igitur
735 2134 786 2171 non
802 2127 853 2172 tam
865 2117 921 2171 du-

11 2179 53 2280 χ
109 2212 173 2248 cum
189 2193 470 2266 incoproelio,quam
484 2190 816 2247 militumaemulatioluit.
847 2193 918 2246 Nam

53 2283 93 2353 χ
110 2276 137 2321 et
154 2269 210 2340 ipse
224 2268 281 2323 dux
295 2269 384 2324 Conon
402 2276 521 2324 nontam
539 2268 633 2332 Persis,
649 2285 731 2338 quam
748 2266 847 2338 patriae
859 2273 921 2320 stu-

93 2342 204 2410 rdebet,
224 2350 261 2404 et,
283 2344 352 2396 sicut
379 2343 481 2397 afflictis
501 2342 703 2396 Atheniensium
727 2342 807 2396 rebus
827 2350 923 2395 auctor

113 2414 225 2468 amissae
243 2415 430 2470 dominationis
452 2417 543 2480 fuerat,
564 2416 603 2470 sic
621 2415 724 2470 volebat
737 2415 808 2471 idem
823 2415 925 2470 haberi

111 2487 235 2551 redditae,
257 2490 421 2559 patriamque
440 2490 569 2544 vincendo
588 2491 709 2563 recipere,
729 2509 810 2563 quam
829 2492 925 2546 victus

109 2561 246 2614 amiserat:
256 2607 258 2612 .
268 2579 298 2616 eo
308 2563 460 2632 speciosius,
472 2565 544 2634 quod
555 2583 588 2618 ne
596 2565 830 2637 ipsorumquidem
835 2566 926 2620 Athe-

111 2630 253 2696 niensium,
269 2635 315 2688 sed
329 2635 406 2690 alieni
422 2638 525 2708 imperii
543 2641 644 2694 viribus
654 2640 768 2705 dimicet,
780 2649 927 2713 pugnatu-
