1984 3010
247 250 249 254 V
291 181 362 226 LIB.
382 181 439 228 IX.'
460 182 541 228 CAP.
564 181 589 225 5.
611 184 636 226 6.
834 177 867 228 79

65 297 138 350 quum
154 285 289 354 restituti,
309 281 502 336 contenderent.
533 281 598 336 Mira
617 299 726 352 prorsus
741 280 865 338 audacia:

64 356 94 409 de
106 355 240 410 iudicibus
257 356 324 410 vitae
340 357 465 428 necisque
477 374 549 421 suae,
566 357 791 428 quemadmodum
804 375 867 430 pos-

64 439 132 493 sunt,
144 431 300 484 sententiam
312 430 411 499 ferunt3
428 438 652 503 contemnuntque
662 431 863 498 absolutionem,

64 521 142 577 quam
152 505 214 559 dare
229 504 332 558 inimici
340 514 464 576 possunt;
486 514 520 571 et,
536 507 663 578 quoniam
676 508 755 561 rebus
766 525 866 580 neque-

63 587 110 634 unt
121 579 221 644 ulcisci,
233 580 321 636 verbis
332 589 461 652 usurpant
471 581 625 635 libertatem.

116 653 185 710 Car.
209 655 242 710 V.
271 655 429 727 Compositis
448 657 477 710 in
497 655 605 710 Graecia
628 656 707 710 rebus
725 656 866 728 Philippus

62 730 183 784 omnium
193 729 331 786 civitatum
348 730 446 804 legatos
462 731 495 784 ad
505 729 675 785 formandum
688 748 778 784 rerum
790 749 866 801 prae-

62 805 176 860 sentium
191 811 288 859 statum
304 807 405 861 evocari
420 806 578 862 Corinthum
592 805 675 860 iubet.
696 806 735 859 lbi
747 806 818 876 pacis
829 805 867 859 le·

61 899 121 954 gem
136 881 277 934 universae
288 881 410 936 Graeciae
423 899 472 952 pro
486 881 586 936 meritis
596 879 764 954 singularum
774 881 867 935 civita-

62 965 117 1010 tum
129 955 233 1023 statuit;
254 955 449 1028 conciliumque
463 957 594 1022 omniurn,
602 957 682 1011 veluti
692 973 779 1010 uuum
790 974 867 1010 sena-

62 1039 127 1096 tum,
144 1049 179 1085 ex
191 1030 317 1085 omnibus
330 1031 403 1104 legit.
433 1031 487 1086 Soli
497 1032 694 1087 lacedaemonii
705 1039 729 1086 et
742 1050 830 1106 regem
841 1039 866 1086 et

62 1105 131 1179 leges
144 1113 348 1171 contemserunt,
370 1106 531 1172 servitutem,
554 1125 606 1162 non
619 1125 708 1179 pacem
726 1109 784 1170 rati,
797 1125 866 1180 quac

62 1199 113 1236 non
130 1181 197 1252 ipsis
212 1180 362 1236 civitatibus
376 1183 535 1246 conveniret,
552 1183 598 1236 sed
611 1201 625 1237 a
638 1183 733 1238 victine
744 1182 864 1238 terretur.

61 1256 170 1310 Auxilia
192 1255 286 1310 deinde
309 1255 477 1328 singularum
499 1257 635 1312 civitatum
663 1258 863 1313 describuntur:

61 1332 116 1386 sive
133 1331 302 1385 adiuvandus
313 1348 342 1385 ea
353 1349 435 1386 manu
449 1348 498 1386 rex
507 1339 676 1405 oppugnante
686 1333 776 1404 aliquo
789 1333 863 1398 soret,

60 1425 106 1461 seu
116 1407 186 1460 duce
196 1405 242 1460 illo
250 1405 352 1460 bellum
362 1405 539 1462 inferendum.
566 1409 657 1480 Neque
669 1409 739 1463 enim
751 1408 866 1462 dubium

59 1490 121 1546 erat,
134 1481 277 1552 imperium
290 1483 429 1536 Persarum
439 1483 481 1536 his
493 1483 661 1553 apparatibus
671 1483 733 1554 peti.
755 1483 866 1536 Summa

58 1557 224 1612 auxiliorum
244 1556 355 1611 ducenta
374 1557 457 1626 millia
478 1557 597 1628 pediturn
617 1556 689 1610 luere
707 1565 731 1610 ct
744 1557 866 1628 equitum

59 1631 214 1704 quindecim
228 1631 322 1686 millia.
356 1633 437 1687 Extra
448 1633 517 1686 hanc
531 1649 664 1685 summam
683 1638 707 1684 et
718 1631 867 1686 Macedoni-

58 1725 88 1761 ae
97 1706 231 1762 exercitus
245 1715 298 1762 erat
308 1714 333 1760 et
346 1708 457 1761 confinis
467 1707 627 1762 domitarum
640 1707 760 1779 gentium
771 1707 867 1762 barba-

58 1784 120 1837 ries.
152 1783 231 1836 Initio
244 1783 314 1837 veris
334 1789 384 1836 tres
404 1782 484 1838 duces
498 1784 526 1837 in
539 1781 631 1836 Asiam
645 1785 783 1836 Persarum
798 1783 866 1837 iuris

56 1857 213 1929 praemittit,
231 1857 439 1924 Parmenionem,
457 1857 602 1931 Amyntam
616 1866 641 1912 et
650 1857 776 1923 Attalum,
789 1859 866 1912 cuius

57 1950 178 1988 sororem
198 1950 291 2004 nuper,
312 1933 423 2004 expulsa
445 1932 588 1987 Alexandri
607 1941 689 1987 matre
708 1933 866 2007 Olympiade

57 2015 166 2080 propter
179 2007 264 2078 stupri
274 2008 461 2080 suspicionem,
475 2009 500 2062 in
516 2010 714 2064 matrimonium
724 2018 865 2078 receperat.

113 2083 186 2138 Car.
203 2083 248 2137 Vl.
268 2084 381 2148 Interea,
406 2083 471 2136 dum
489 2084 616 2138 auxiliaa
634 2083 742 2138 Graecia
761 2086 864 2147 coeunt,

57 2157 167 2229 nuptias
178 2157 328 2228 Cleopatrae
338 2157 407 2212 filiae
416 2165 440 2212 et
449 2157 601 2224 Alexandri,
613 2176 693 2231 quem
703 2175 792 2230 regern
802 2157 867 2228 Epi-

56 2234 78 2286 ri
89 2233 196 2297 iecerat,
210 2231 332 2287 celebrat.
362 2233 422 2288 Dies
437 2242 490 2287 erat
501 2252 547 2304 pro
557 2232 740 2306 magnitudine
751 2232 867 2288 duorum

55 2325 164 2382 regum,
179 2307 358 2362 etcollocantis
368 2309 449 2362 filiam
461 2316 484 2362 et
494 2327 604 2362 uxorem
615 2308 743 2371 ducentiS,
757 2326 868 2380 appara-

55 2385 130 2438 tibus
141 2383 269 2456 insignis.
299 2383 351 2438 Sed
361 2401 408 2438 nec
419 2383 543 2438 ludorum
557 2383 752 2457 magnificentia
765 2385 865 2439 deerat:

55 2458 216 2531 adquorum
224 2458 548 2529 spectaculumPhilippus
555 2477 640 2530 quum
651 2459 867 2514 sinecustodibus

53 2535 176 2606 corporis
196 2533 302 2587 medius
325 2534 393 2588 inter
412 2535 479 2588 duos
494 2533 667 2597 Alexandros,
686 2534 773 2587 filium
788 2545 867 2607 genc-

10 2643 12 2656 ·
52 2627 184 2682 rumque,
202 2608 377 2673 contenderet,
397 2609 549 2670 Pausaniae,
568 2607 664 2662 nobilis
676 2624 709 2658 cx
720 2599 868 2677 Macedoui-

50 2684 107 2740 bus
123 2683 286 2750 adolescens
304 2684 403 2738 nemini
419 2690 571 2754 suspectuS,
590 2679 722 2748 occupatis
738 2675 867 2742 angustus
