1998 3006
115 155 164 208 {08
355 158 506 203 IUSTINI
523 155 679 203 HISTOR.

112 267 152 313 ter
161 257 258 312 multos
269 258 423 312 vulneratus
435 257 514 310 etiam
520 256 684 310 Ptolemaeus
689 261 757 310 esset
762 264 928 312 moriturus-

113 350 167 403 que
185 333 292 386 iamiam
307 333 450 395 videretur,
466 349 513 402 per
527 333 642 403 quietem
660 331 716 403 regi
730 339 877 384 monstrata
895 332 923 386 in

114 407 228 460 remedia
245 408 341 462 veneni
355 407 436 460 herba
450 414 502 460 est:
524 424 578 478 qua
592 405 620 460 in
634 413 698 476 potu
713 414 817 475 accepta
833 407 923 460 statim

113 481 231 552 periculo
249 481 374 537 liberatus
388 489 439 549 est;
461 482 598 552 maiorque
610 498 672 551 pars
681 481 810 534 exercitus
821 481 873 534 boc
883 499 924 535 re·

114 555 201 610 medio
211 565 321 612 servata.
351 558 510 629 Expugnata
520 555 615 609 deinde
626 555 691 608 urbe
700 572 823 610 reversus
834 556 863 610 in
875 573 925 610 na-

113 647 160 684 ves
178 629 280 686 Oceano
295 631 437 686 libamenta
456 631 535 695 dedit,
550 647 704 701 prosperum
715 630 743 683 in
753 633 867 700 patriam
882 648 925 684 re-

114 704 201 760 ditum
211 715 345 777 precatus:
368 724 397 762 ac
406 705 487 760 veluti
498 723 578 759 curru
591 706 659 758 circa
669 713 765 758 metam
776 713 842 769 acto,
850 706 923 776 posi-

113 781 149 834 tis
164 781 269 852 imperii
285 782 411 845 terminis,
424 789 554 852 quatenus
567 787 612 833 aut
625 789 752 833 terrarum
764 779 923 834 solitudines

113 855 219 927 prodire
234 873 326 926 passae
343 863 405 909 sunt
419 864 464 909 aut
479 872 549 908 mare
565 854 715 926 navigabile
728 853 787 918 tuit,
803 855 925 910 secundo

114 939 188 984 aestu
203 929 269 984 ostio
283 929 402 983 lluminis
411 928 469 983 Indi
481 929 625 983 invehitur.
658 929 697 983 lbi
709 929 736 983 in
748 939 924 985 monumenta

114 1008 204 1058 rerum
218 1021 234 1056 a
251 1020 279 1056 se
292 1012 426 1076 gestarum
442 1004 535 1057 urbem
548 1004 644 1056 Barcen
655 1003 785 1070 condidit3
808 1021 924 1077 arasque

114 1078 212 1141 statuit,
233 1077 322 1132 relicto
339 1095 373 1132 ex
393 1095 504 1132 numero
522 1078 667 1132 amicorum
682 1077 830 1133 litoralibus
847 1081 924 1136 ludis

113 1150 249 1223 praelecto.
277 1152 342 1206 Inde
351 1152 399 1206 iter
410 1160 528 1206 terrestre
544 1151 670 1216 lecturus,
682 1169 766 1223 quum
777 1153 850 1208 arida
866 1155 921 1210 loca

114 1225 194 1280 medii
215 1226 317 1280 itineris
335 1227 492 1291 dicerentur,
513 1235 605 1296 puteos
618 1227 772 1298 opportunis
788 1228 853 1282 locis
864 1231 922 1284 fieri

112 1300 252 1373 praecipit:
274 1302 374 1373 quibus
388 1301 488 1374 ingenti
498 1301 570 1355 dulci
583 1320 652 1373 aqua
661 1302 767 1356 inventa
776 1304 923 1378 Babyloni-

113 1394 157 1432 am
172 1376 248 1430 redit.
268 1377 310 1430 Ibi
320 1377 417 1431 multae
427 1376 543 1431 devictae
552 1385 643 1449 gentes
652 1376 792 1447 praefectos
803 1395 868 1432 suos
878 1397 923 1434 ac-
987 1429 988 1434 ,

113 1459 281 1515 cusaverrmt,
298 1470 366 1524 quos
380 1452 437 1506 sine
450 1460 569 1522 respectu
584 1452 713 1506 amicitiae
727 1452 879 1508 Alexander
891 1456 921 1510 in
987 1449 988 1472 l

112 1535 254 1600 conspectu
265 1526 410 1600 legatorum
421 1527 508 1581 necari
517 1525 602 1580 iussit.
622 1526 718 1581 Filiam
727 1528 859 1597 posthaec
870 1532 923 1585 Da-
986 1535 987 1614 l

114 1602 148 1656 rii
158 1604 238 1676 regis,
251 1602 383 1666 Statuam,
396 1603 425 1656 in
435 1602 634 1658 matrimonium
644 1601 753 1672 recepit:
765 1603 812 1656 sed
822 1606 923 1675 etopti-

112 1677 229 1731 metibus
243 1677 416 1732 Macedonum
430 1677 507 1731 lectas
521 1694 555 1730 ex
568 1677 694 1730 omnibus
708 1678 832 1748 gentibus
842 1680 923 1734 nobi·
985 1685 986 1756 l

113 1749 229 1804 lissimas
243 1751 360 1824 virgines
371 1751 485 1816 tradidit,
498 1759 528 1805 ut
537 1751 674 1805 communi
687 1750 753 1806 facto
763 1753 864 1808 crimen
879 1773 923 1809 re-

111 1824 154 1898 gis
167 1823 308 1878 levaretur.
984 1811 985 1895 l

168 1898 237 1954 Car.
262 1899 309 1953 Xl.
330 1899 397 1954 Hinc
422 1899 456 1953 ad
474 1901 627 1955 concionem
643 1900 788 1955 exercitum
804 1912 881 1958 vocat
896 1913 922 1959 et

112 1974 239 2044 promittit
253 1991 280 2028 se
290 1992 335 2029 aee
348 1978 462 2029 alternam
476 1981 589 2030 omnium
600 1981 711 2043 propria
720 1982 837 2044 impensa
847 1983 922 2034 solu·
983 1957 984 2037 l

113 2059 210 2114 mrum,
232 2056 263 2103 ut
281 2049 405 2120 praedam
420 2050 590 2122 praemiaque
604 2050 705 2123 integra
719 2050 812 2105 domos
825 2051 921 2108 ferant.

112 2125 229 2198 Insignis
244 2124 309 2178 haec
326 2125 505 2179 munificentia
520 2141 686 2178 nonsumma
698 2133 810 2190 tantum,
823 2145 923 2183 verum

111 2201 191 2253 etiam
218 2199 293 2253 titulo
319 2200 436 2254 muneris
456 2197 519 2265 iuit;
541 2216 589 2253 nec
613 2216 627 2251 a
647 2198 810 2254 debitoribus
832 2207 923 2275 magis
981 2237 982 2242 =

112 2290 225 2343 qnema
247 2274 420 2328 creditoribus
435 2275 536 2346 gratius
549 2281 668 2344 excepta:
690 2275 818 2346 quoniam
837 2279 925 2332 utris-
981 2249 982 2319 l

111 2363 165 2414 que
183 2347 283 2399 exactio
308 2349 405 2417 pariter
424 2365 454 2402 ac
472 2347 567 2403 solutio
585 2347 701 2402 difficilis
721 2358 785 2403 eret.
816 2351 924 2425 Viginti

111 2417 195 2470 millia
207 2417 334 2473 talentum
345 2423 373 2474 in
383 2422 432 2475 bos
441 2429 547 2476 sumtus
557 2440 683 2493 expensa.
714 2423 838 2479 Dimissis
849 2436 926 2481 vete-
980 2420 981 2459 l

111 2491 183 2542 ranis
197 2492 341 2546 exercitum
351 2494 501 2549 iunioribus
511 2496 624 2568 supplet.
653 2496 705 2551 Sed
715 2499 807 2553 retenti
818 2509 926 2557 vetera·
979 2555 980 2564 ,

111 2575 206 2614 norum
217 2563 363 2618 discessum
373 2584 449 2639 aegre
459 2568 569 2624 ferentes
579 2571 732 2626 missionem
743 2581 768 2626 et
780 2574 833 2643 ipsi
844 2575 927 2649 llagi-
979 2565 980 2601 ¹

110 2630 212 2699 tabant3
228 2653 273 2688 nec
283 2655 373 2701 aanor,
384 2645 771 2709 eedstpendtcsaenumerert
779 2648 924 2717 iubebant,
978 2663 979 2741 t

975 2903 977 2939 l
