1984 3010
324 128 397 174 ΗΒ.
418 129 498 175 ΧΧΠ.
520 129 600 176 cAP.
622 130 648 176 8.
837 125 881 179 l'll
924 146 926 152 ’

77 225 136 290 las,
151 225 200 297 qui
215 243 262 298 spe
276 225 396 298 improba
410 247 523 302 regnum
537 229 616 285 totins
630 227 733 284 Africae
747 229 886 302 amplexus

78 301 226 358 societatem
238 319 299 356 cum
310 303 452 376 Agathocle
462 321 508 374 per
518 303 614 376 legatos
625 305 760 372 iunxerat;
781 315 887 378 pactus-

77 393 202 449 quecum
212 393 242 430 co
253 376 343 440 luerat,
356 386 384 432 ut
394 377 498 432 Siciliae
509 377 558 444 illi,
568 379 622 438 sibi
633 377 735 434 Africae
744 381 886 452 imperium

78 451 158 506 victis
172 447 435 524 Carthaginiensibus
444 453 554 508 cederet.
587 455 678 525 ltaque
688 473 773 526 quum
787 455 821 510 ad
830 455 887 510 hel-

78 526 97 580 li
108 527 258 592 societatem
268 543 328 580 cum
340 527 439 600 ingenti
449 528 564 582 exercitu
574 528 632 598 ipse
641 529 763 593 venisset,
770 530 887 604 Agatho-

78 601 132 656 cles
144 601 242 659 blando
251 601 376 672 adloquio
384 610 408 656 et
422 602 517 656 humili
528 602 685 668 adulatione,
697 621 783 674 quum
801 605 887 675 saepi·

65 739 67 744 ,
79 695 113 731 us
122 676 206 741 simul
217 685 370 732 coenassent
379 677 570 748 adoptatusque
581 677 652 730 lilius
664 676 722 731 eius
732 679 766 731 ab
775 677 885 748 Ophella

76 757 160 816 esset,
186 751 322 814 incautum
344 751 478 820 interficit3
500 759 677 822 occupatoque
694 751 809 806 exercitu
829 752 886 806 eius

78 827 171 882 iterato
185 826 414 899 Carthaginienses
428 824 554 882 omnihus
566 825 668 880 viribus
679 825 779 880 bellum
790 827 886 880 cientes

64 918 179 974 magno
191 901 330 972 utriusque
338 902 468 956 exercitus
478 900 609 973 sanguine
617 901 691 972 gravi
701 900 799 972 proelio
808 917 887 972 snpe-

79 985 130 1030 rat.
162 977 216 1029 lloo
236 977 385 1030 certaminis
403 976 557 1032 discrimine
572 983 643 1030 tanta
655 975 800 1046 desperatio
815 975 886 1029 illata

13 1067 14 1074 ¹
78 1050 173 1105 Poenis
184 1059 232 1116 ast,
245 1059 283 1114 ut,
296 1051 386 1112 nisijn
396 1051 511 1106 exercitu
521 1049 672 1122 Agathoclis
681 1049 887 1105 orta'seditiofu-

78 1126 151 1190 isset,
165 1126 325 1182 transiturus
336 1125 441 1180 adeum
451 1125 589 1190 Bomilcar,
601 1143 647 1180 rex
657 1127 811 1189 Poenorum,
824 1141 886 1180 cum

75 1200 196 1254 exercitu
215 1199 303 1256 luerit.
333 1199 374 1256 Ob
392 1209 474 1271 quarn
489 1217 585 1254 noxam
599 1200 626 1254 in
638 1199 724 1254 medio
734 1199 887 1256 loroaPoe-

77 1276 122 1330 nis
137 1275 255 1346 patibulo
269 1275 384 1330 suffixus
401 1283 454 1329 est:
476 1281 507 1328 ut
519 1275 588 1328 idem
598 1273 673 1330 locus
683 1283 886 1330 monumentum

74 1349 273 1420 suppliciorum
293 1350 350 1404 eius
364 1356 440 1414 esset,
464 1349 511 1420 qui
526 1357 590 1404 ante
600 1347 684 1404 lucrat
700 1358 885 1404 ornamentum

75 1425 233 1480 honorum..
258 1423 309 1478 Sed
326 1421 456 1480 Bomilcar
474 1442 571 1497 magno
594 1424 683 1481 animo
707 1424 886 1479 crudelitatem

75 1499 181 1553 civium
196 1497 264 1563 tulit,
282 1498 354 1562 adeo,
370 1507 400 1554 ut
412 1499 560 1554 desumma
569 1516 655 1564 cruce,
667 1498 749 1554 veluti
759 1499 792 1550 de
801 1499 887 1552 tribu-

75 1573 143 1638 nali,
163 1573 191 1628 in
205 1575 351 1628 Poenorum
366 1573 465 1646 scelera¹
472 1575 677 1637 concionaretur,
689 1573 822 1627 obiectans
833 1571 886 1625 illis

76 1649 887 1718 nuncHannocem[cleoadsectatirooniicoidiaoircumvea-

76 1732 227 1791 tammum
238 1723 359 1792 Gisgonis
368 1729 512 1780 innocentis
521 1727 657 1792 caecilium·
664 1740 735 1776 nunc
745 1728 774 1776 tn
783 1723 887 1776 Hamil-

67 1816 169 1864 ,curem
181 1807 305 1865 patruum
318 1815 393 1855 suum
404 1803 487 1853 tacita
495 1803 633 1868 suffragia,
645 1803 714 1867 quod
722 1798 887 1866 Apcthoclem

74 1875 337 1941 sociumtlliafacere
347 1877 529 1942 qacmhoatem
538 1877 668 1928 moluerit.
689 1874 847 1944 haecquum
858 1871 886 1926 in

75 1947 198 2002 maxima
210 1947 300 2016 populi
310 1948 433 2004 concione
443 1945 598 2004 vociferatus
608 1955 683 2010 essct,
695 1948 847 2020 exspiravit.

135 2022 208 2086 Gar.
231 2021 295 2076 Vlll.
317 2023 415 2078 Interea
430 2021 586 2096 Agathocles
600 2021 743 2094 profligatis
761 2023 788 2075 in
799 2020 886 2076 Africa

74 2097 170 2160 rebus,
192 2095 466 2168 tradito-Archagatho
480 2096 534 2152 filio
544 2097 668 2160 exercitu,
680 2097 708 2150 in
718 2095 834 2150 Siciliam
846 2113 887 2148 re-

76 2172 171 2235 currit,
181 2171 250 2224 nihil
262 2179 349 2229 actum
360 2173 387 2225 in
402 2171 489 2226 Africa
498 2171 663 2234 existimans,
676 2171 698 2224 si
709 2169 824 2240 amplius
835 2168 892 2242 Sy-

76 2262 189 2302 racusae
205 2245 396 2301 obsiderentur.
427 2248 494 2306 Nam
506 2254 565 2317 post
574 2245 689 2300 occisum
701 2243 884 2310 Hamilcarem,

78 2320 208 2393 Gisgonis
222 2319 317 2384 filium,
333 2339 418 2376 novus
428 2339 483 2376 eoa
494 2321 587 2376 Poenis
598 2320 696 2374 missus
706 2321 835 2374 exercitus
846 2319 888 2373 lu-

76 2403 144 2449 erat.
175 2394 268 2449 Statim
285 2391 366 2468 igitur
381 2395 467 2467 primo
481 2396 595 2451 adventu
614 2393 889 2450 eiusomnesSiciliae

76 2469 161 2523 urbes
171 2469 269 2524 auditis
279 2471 368 2536 rebus,
381 2489 449 2542 quas
463 2471 490 2525 in
501 2470 589 2525 Africa
599 2477 723 2542 gesserat,
737 2469 888 2524 certatimse

74 2545 103 2598 ei
119 2543 241 2598 tradunt:
263 2553 305 2616 atq
311 2563 342 2600 ue
357 2546 391 2601 ita
402 2546 487 2616 pulsis
497 2563 512 2600 a
522 2544 610 2598 Sicilia
621 2544 713 2596 Poenis
725 2545 803 2596 totius
813 2542 890 2591 insu-

13 2663 14 2674 ,
77 2619 120 2674 lae
139 2619 282 2690 imperium
304 2621 451 2692 occupavit.
481 2621 512 2674 In
526 2616 641 2672 Africam
657 2615 752 2668 deinde
766 2627 890 2704 reversus
