2022 3010
334 175 405 220 ΗΒ.
425 177 458 220 11.
481 179 559 222 cau.
581 180 623 220 11.
849 172 884 226 27

81 276 110 328 in
125 272 234 344 planum
251 273 401 338 deducebat,
419 283 444 328 et
458 293 573 330 convexa
590 275 700 330 vallium
711 275 847 348 aequabat
858 285 884 330 et

79 347 208 433 quaedam
220 350 303 403 maria
313 351 437 420 pontibus
447 351 584 415 sternebat
597 351 727 422 quaedam
734 351 884 424 adnavrga

79 423 157 477 tionis
167 423 335 477 commodum
346 441 392 494 per
400 393 584 511 compendium
595 425 715 479 ducebat.

135 497 203 550 Car
225 497 274 550 XI.
295 498 883 571 CuiusintroitusinGraeciamquamterribi-
933 539 937 548 ,

82 569 114 623 iis
143 578 197 624 tarn
221 571 305 642 turpis
326 589 356 626 ac
373 572 465 626 foedus
479 573 610 626 discessus
627 572 683 628 suit.
713 575 781 627 Nam
795 589 880 645 quum

83 612 202 708 edoardo,
221 663 266 699 rex
276 646 472 716 Spartanorum,
485 664 546 700 cum
556 655 669 718 quatuor
678 646 797 701 millibus
811 648 902 701 miti„

84 727 138 772 tum
162 721 298 792 angustias
325 721 562 794 Thermopylarum
583 728 746 792 occupasset,
768 721 879 784 Xerxes

85 801 211 846 contemtu
227 795 371 864 paucitatis,
388 813 431 849 eos
446 813 564 868 pugnam
580 811 714 866 capessere
726 795 805 858 iubet,
815 813 883 866 quo-

82 885 140 921 rum
156 870 258 939 cognati
273 871 432 931 Marathonia
450 887 539 942 pugna
551 869 675 923 interiecti
686 868 800 935 fuerant;
822 869 879 940 qui,

80 942 145 995 dum
166 943 256 996 ulcisci
275 961 337 997 suos
358 953 497 1014 quaerunt,
519 945 678 1015 principium
698 942 779 997 cladis
794 943 879 996 suere:

80 1016 234 1070 succedente
257 1017 351 1072 deinde
370 1018 457 1072 inutili
478 1019 562 1082 turba,
579 1019 662 1073 maior
678 1017 768 1072 caedes
786 1017 879 1072 editur.

81 1090 179 1145 Triduo
191 1092 297 1146 ibicum
310 1092 398 1146 dolore
407 1102 431 1146 et
441 1093 620 1165 indignatione
628 1092 882 1147 Persarumdimica-

81 1173 152 1219 tum:
174 1175 266 1236 quarta
281 1167 331 1232 die,
343 1185 428 1239 quum
440 1168 589 1221 nuntiatum
600 1175 667 1221 esset
676 1167 813 1230 Leonidae,
824 1187 838 1220 a
851 1187 881 1220 xx

81 1240 201 1294 millibus
217 1242 330 1296 hostium
346 1259 482 1296 summum
499 1259 623 1296 cacumen
640 1243 729 1305 teneri,
748 1242 883 1295 tunohor-

80 1323 149 1368 tatur
163 1316 259 1380 socios,
282 1317 410 1380 recedant,
428 1325 494 1370 etse
511 1317 544 1372 ad
557 1316 662 1370 meliora
673 1317 791 1387 patriast
791 1333 882 1386 empo-

80 1409 108 1444 ra
129 1399 275 1446 reservent:
297 1391 349 1444 sibi
369 1409 430 1446 curn
451 1391 585 1478 Spartanis
600 1390 729 1444 fortunam
744 1391 882 1460 experien-

78 1465 156 1518 dam·
150 1465 248 1535 ,plura
263 1483 291 1520 se
309 1449 413 1536 patiia'e,
428 1484 510 1536 quam
523 1467 597 1528 vitae,
613 1466 719 1518 dobere:
742 1473 837 1518 eeteros
848 1464 881 1517 ad

79 1539 210 1610 praesidia
222 1541 504 1595 Graeciaeservaudds
524 1539 818 1610 Auditoregisimperio
827 1537 882 1590 dis-

77 1631 180 1668 cessere
197 1615 282 1679 ceteri,
303 1615 351 1669 soii
369 1614 566 1669 Lacedaemonii
583 1620 774 1667 remanserunt.
805 1612 881 1666 initio

78 1689 161 1742 buius
181 1689 243 1744 beili
266 1691 460 1744 sciscitantibus
479 1689 587 1760 Deiphis
606 1686 709 1742 oracula
725 1704 879 1758 responsum

78 1763 171 1828 tuerat,
188 1772 233 1818 aut
247 1765 301 1837 regi
317 1765 513 1835 Spartanorum,
533 1772 578 1816 aut
593 1763 653 1817 urbi
664 1761 819 1816 cadendum.
848 1763 881 1816 Et

77 1839 176 1894 ideireo
192 1857 237 1892 rex
252 1839 366 1893 Leonida
379 1857 464 1924 quum
475 1839 502 1892 in
513 1839 613 1893 bellum
623 1837 837 1908 proficisceretur,
846 1838 881 1890 ita

75 1931 142 1966 suos
162 1913 319 1978 firmaverat,
339 1921 369 1968 ut
388 1915 425 1968 ire
439 1921 564 1984 separato
573 1912 606 1967 ad
617 1912 782 1966 moriendum
793 1912 881 1966 animo

74 1989 185 2042 scirent,
218 1989 361 2062 Augustias
374 1997 512 2074 propterea
517 1995 695 2074 occupaverat,
705 1995 735 2041 ut
744 2004 804 2040 cum
815 2004 882 2071 pau·

75 2063 114 2116 cis
129 2072 177 2116 aut
195 2063 293 2117 maiore
307 2063 389 2136 gloria
405 2064 526 2126 vinoeret,
544 2069 589 2116 aut
603 2062 704 2116 minore
720 2061 818 2114 damno
831 2061 881 2113 rei-

75 2135 202 2208 publicae
210 2137 318 2191 cederet
351 2137 489 2192 Dimissis'
483 2137 657 2212 rgitnrsociis
672 2135 789 2190 hortatur
803 2135 883 2206 Spar-

74 2221 166 2266 tanos:
188 2213 361 2275 Manioerr'nt,
374 2213 883 2282 qualitercunqueproeliantibuscudeo-

73 2292 141 2341 dum
150 2303 219 2340 esse:
238 2296 368 2349 arnamar,
382 2292 517 2356 refertius
527 2291 660 2347 inuasisse,
672 2302 750 2353 quom
759 2289 884 2338 dimicas-

73 2379 110 2424 ae,
121 2365 278 2426 videamur,-
297 2378 344 2415 nec
353 2366 562 2428 suspectandum,
575 2363 646 2412 utut
657 2362 726 2412 hoste
740 2365 885 2413 circumue-

75 2441 208 2496 airarttur,
219 2439 273 2498 scd,
286 2440 347 2488 dum
356 2454 410 2490 noar
421 2441 581 2490 occasionem
590 2438 673 2496 daret
685 2439 784 2488 securis
794 2443 818 2486 et
828 2436 884 2484 loe-

73 2515 110 2564 tis
121 2513 371 2577 superveniendum:
391 2514 638 2578 nusquumvt‘ctorer
651 2511 788 2566 honestius,
805 2519 885 2570 quam

74 2589 106 2638 ia
117 2588 217 2639 castris
227 2586 338 2638 bostium
345 2589 486 2670 perituros
507 2581 579 2636 Nihil
591 2589 645 2634 erat
655 2579 762 2633 difficile
775 2589 886 2652 persua-

70 2657 139 2714 dere
154 2657 289 2731 persuasis
302 2659 382 2714 mori:
404 2658 492 2713 statim
507 2673 579 2710 arma
592 2653 712 2724 capiunt:
733 2657 759 2702 et
768 2640 887 2699 sexcenta
