<?xml version="1.0" encoding="UTF-8"?>
<!DOCTYPE html PUBLIC "-//W3C//DTD XHTML 1.0 Transitional//EN"
    "http://www.w3.org/TR/xhtml1/DTD/xhtml1-transitional.dtd">
<html xmlns="http://www.w3.org/1999/xhtml" xml:lang="en" lang="en">
 <head>
  <title>
</title>
<meta http-equiv="Content-Type" content="text/html;charset=utf-8" />
  <meta name='ocr-system' content='tesseract 3.04.00' />
  <meta name='ocr-capabilities' content='ocr_page ocr_carea ocr_par ocr_line ocrx_word'/>
</head>
<body>
  <div class='ocr_page' id='page_1' title='image "./justinihistoria00justgoog_0172.png"; bbox 0 0 1998 3006; ppageno 0'>
   <div class='ocr_carea' id='block_1_1' title="bbox 323 201 882 253">
    <p class='ocr_par' dir='ltr' id='par_1_1' title="bbox 323 201 882 253">
     <span class='ocr_line' id='line_1_1' title="bbox 323 201 882 253; baseline 0.013 -7"><span class='ocrx_word' id='word_1_1' title='bbox 323 202 395 246; x_wconf 71' lang='grc' dir='ltr'>ΜΒ.</span> <span class='ocrx_word' id='word_1_2' title='bbox 415 202 474 248; x_wconf 80' lang='lat' dir='ltr'>XX.</span> <span class='ocrx_word' id='word_1_3' title='bbox 505 204 585 250; x_wconf 74' lang='lat' dir='ltr'><strong>GAP.</strong></span> <span class='ocrx_word' id='word_1_4' title='bbox 608 211 633 250; x_wconf 79' lang='lat' dir='ltr'>a.</span> <span class='ocrx_word' id='word_1_5' title='bbox 831 201 882 253; x_wconf 70' lang='lat'>459</span> 
     </span>
    </p>
   </div>
   <div class='ocr_carea' id='block_1_2' title="bbox 34 301 909 2761">
    <p class='ocr_par' dir='ltr' id='par_1_2' title="bbox 62 301 909 1418">
     <span class='ocr_line' id='line_1_2' title="bbox 74 301 882 376; baseline 0.007 -23"><span class='ocrx_word' id='word_1_6' title='bbox 74 317 137 354; x_wconf 89' lang='lat' dir='ltr'>suae</span> <span class='ocrx_word' id='word_1_7' title='bbox 155 307 318 365; x_wconf 87' lang='lat' dir='ltr'>ornamenta,</span> <span class='ocrx_word' id='word_1_8' title='bbox 335 301 408 356; x_wconf 79' lang='lat' dir='ltr'>velut</span> <span class='ocrx_word' id='word_1_9' title='bbox 422 303 596 358; x_wconf 89' lang='lat' dir='ltr'>instrumenta</span> <span class='ocrx_word' id='word_1_10' title='bbox 615 303 749 369; x_wconf 81' lang='lat' dir='ltr'>luxuriae,</span> <span class='ocrx_word' id='word_1_11' title='bbox 766 305 882 376; x_wconf 86' lang='lat' dir='ltr'>depone-</span> 
     </span>
     <span class='ocr_line' id='line_1_3' title="bbox 73 375 882 451; baseline 0.007 -23"><span class='ocrx_word' id='word_1_12' title='bbox 73 381 145 442; x_wconf 91' lang='lat' dir='ltr'>reot;</span> <span class='ocrx_word' id='word_1_13' title='bbox 167 392 251 446; x_wconf 89' lang='lat' dir='ltr'>eaque</span> <span class='ocrx_word' id='word_1_14' title='bbox 270 375 359 430; x_wconf 89' lang='lat' dir='ltr'>omnia</span> <span class='ocrx_word' id='word_1_15' title='bbox 376 376 460 431; x_wconf 88' lang='lat' dir='ltr'>delata</span> <span class='ocrx_word' id='word_1_16' title='bbox 479 379 508 433; x_wconf 92' lang='lat' dir='ltr'>iu</span> <span class='ocrx_word' id='word_1_17' title='bbox 524 379 631 433; x_wconf 87' lang='lat' dir='ltr'>lunonis</span> <span class='ocrx_word' id='word_1_18' title='bbox 646 379 735 433; x_wconf 89' lang='lat' dir='ltr'>aedem</span> <span class='ocrx_word' id='word_1_19' title='bbox 754 379 803 451; x_wconf 92' lang='lat' dir='ltr'>ipsi</span> <span class='ocrx_word' id='word_1_20' title='bbox 816 380 882 434; x_wconf 86' lang='lat' dir='ltr'>deae</span> 
     </span>
     <span class='ocr_line' id='line_1_4' title="bbox 73 449 909 520; baseline 0.01 -18"><span class='ocrx_word' id='word_1_21' title='bbox 73 456 263 512; x_wconf 65' lang='lat' dir='ltr'>consecrarent,</span> <span class='ocrx_word' id='word_1_22' title='bbox 275 467 337 520; x_wconf 89' lang='lat' dir='ltr'>prae</span> <span class='ocrx_word' id='word_1_23' title='bbox 346 468 374 504; x_wconf 82' lang='lat' dir='ltr'>se</span> <span class='ocrx_word' id='word_1_24' title='bbox 384 449 502 517; x_wconf 86' lang='lat' dir='ltr'>serentes,</span> <span class='ocrx_word' id='word_1_25' title='bbox 511 471 572 508; x_wconf 86' lang='lat' dir='ltr'>vera</span> <span class='ocrx_word' id='word_1_26' title='bbox 581 460 733 508; x_wconf 88' lang='lat' dir='ltr'>ornamenta</span> <span class='ocrx_word' id='word_1_27' title='bbox 746 462 880 509; x_wconf 91' lang='lat' dir='ltr'>matrona·</span> <span class='ocrx_word' id='word_1_28' title='bbox 906 463 909 482; x_wconf 76' lang='grc'><strong>“</strong></span> 
     </span>
     <span class='ocr_line' id='line_1_5' title="bbox 73 523 882 600; baseline 0.009 -24"><span class='ocrx_word' id='word_1_29' title='bbox 73 541 134 577; x_wconf 90' lang='lat' dir='ltr'>rum</span> <span class='ocrx_word' id='word_1_30' title='bbox 144 523 310 594; x_wconf 84' lang='lat' dir='ltr'>pudicitiam,</span> <span class='ocrx_word' id='word_1_31' title='bbox 323 542 376 579; x_wconf 92' lang='lat' dir='ltr'>non</span> <span class='ocrx_word' id='word_1_32' title='bbox 390 533 473 579; x_wconf 89' lang='lat' dir='ltr'>vestes</span> <span class='ocrx_word' id='word_1_33' title='bbox 483 545 550 580; x_wconf 90' lang='lat' dir='ltr'>esse.</span> <span class='ocrx_word' id='word_1_34' title='bbox 582 529 613 580; x_wconf 93' lang='lat' dir='ltr'>In</span> <span class='ocrx_word' id='word_1_35' title='bbox 628 528 762 582; x_wconf 88' lang='lat' dir='ltr'>iuventute</span> <span class='ocrx_word' id='word_1_36' title='bbox 771 545 882 600; x_wconf 91' lang='lat' dir='ltr'>quoque</span> 
     </span>
     <span class='ocr_line' id='line_1_6' title="bbox 72 597 881 671; baseline 0.009 -20"><span class='ocrx_word' id='word_1_37' title='bbox 72 605 206 670; x_wconf 86' lang='lat' dir='ltr'>quantum</span> <span class='ocrx_word' id='word_1_38' title='bbox 223 597 390 671; x_wconf 80' lang='lat' dir='ltr'>profligatum</span> <span class='ocrx_word' id='word_1_39' title='bbox 405 601 447 663; x_wconf 90' lang='lat' dir='ltr'>sit,</span> <span class='ocrx_word' id='word_1_40' title='bbox 464 601 526 655; x_wconf 80' lang='lat' dir='ltr'>uicti</span> <span class='ocrx_word' id='word_1_41' title='bbox 541 601 699 656; x_wconf 78' lang='lat' dir='ltr'>feminarum</span> <span class='ocrx_word' id='word_1_42' title='bbox 712 611 881 658; x_wconf 82' lang='lat' dir='ltr'>contumaces</span> 
     </span>
     <span class='ocr_line' id='line_1_7' title="bbox 71 671 881 746; baseline 0.005 -20"><span class='ocrx_word' id='word_1_43' title='bbox 71 673 155 726; x_wconf 89' lang='lat' dir='ltr'>animi</span> <span class='ocrx_word' id='word_1_44' title='bbox 167 671 342 726; x_wconf 83' lang='lat' dir='ltr'>manifestant.</span> <span class='ocrx_word' id='word_1_45' title='bbox 366 673 418 727; x_wconf 93' lang='lat' dir='ltr'>Sed</span> <span class='ocrx_word' id='word_1_46' title='bbox 429 675 532 728; x_wconf 75' lang='lat' dir='ltr'>trecenti</span> <span class='ocrx_word' id='word_1_47' title='bbox 542 691 576 729; x_wconf 89' lang='lat' dir='ltr'>ex</span> <span class='ocrx_word' id='word_1_48' title='bbox 586 676 729 729; x_wconf 86' lang='lat' dir='ltr'>iuvenibus</span> <span class='ocrx_word' id='word_1_49' title='bbox 739 693 825 746; x_wconf 91' lang='lat' dir='ltr'>quum</span> <span class='ocrx_word' id='word_1_50' title='bbox 835 695 881 732; x_wconf 87' lang='lat' dir='ltr'>so—</span> 
     </span>
     <span class='ocr_line' id='line_1_8' title="bbox 70 745 882 821; baseline 0.005 -21"><span class='ocrx_word' id='word_1_51' title='bbox 70 745 156 800; x_wconf 87' lang='lat' dir='ltr'>dalitii</span> <span class='ocrx_word' id='word_1_52' title='bbox 167 747 226 800; x_wconf 89' lang='lat' dir='ltr'>iure</span> <span class='ocrx_word' id='word_1_53' title='bbox 235 756 397 802; x_wconf 88' lang='lat' dir='ltr'>sacramento</span> <span class='ocrx_word' id='word_1_54' title='bbox 407 749 523 820; x_wconf 89' lang='lat' dir='ltr'>quodam</span> <span class='ocrx_word' id='word_1_55' title='bbox 535 750 595 802; x_wconf 85' lang='lat' dir='ltr'>nexi</span> <span class='ocrx_word' id='word_1_56' title='bbox 606 758 751 821; x_wconf 87' lang='lat' dir='ltr'>separatam</span> <span class='ocrx_word' id='word_1_57' title='bbox 762 752 882 804; x_wconf 85' lang='lat' dir='ltr'>aceteris</span> 
     </span>
     <span class='ocr_line' id='line_1_9' title="bbox 70 821 881 894; baseline 0.004 -18"><span class='ocrx_word' id='word_1_58' title='bbox 70 821 178 876; x_wconf 90' lang='lat' dir='ltr'>civibus</span> <span class='ocrx_word' id='word_1_59' title='bbox 196 822 279 876; x_wconf 85' lang='lat' dir='ltr'>vitam</span> <span class='ocrx_word' id='word_1_60' title='bbox 298 831 458 877; x_wconf 78' lang='lat' dir='ltr'>exercerent:</span> <span class='ocrx_word' id='word_1_61' title='bbox 483 824 561 894; x_wconf 82' lang='lat' dir='ltr'>quasi</span> <span class='ocrx_word' id='word_1_62' title='bbox 581 832 683 878; x_wconf 88' lang='lat' dir='ltr'>coetum</span> <span class='ocrx_word' id='word_1_63' title='bbox 701 823 881 879; x_wconf 79' lang='lat' dir='ltr'>clandestinae</span> 
     </span>
     <span class='ocr_line' id='line_1_10' title="bbox 69 895 875 962; baseline 0.002 -12"><span class='ocrx_word' id='word_1_64' title='bbox 69 895 262 950; x_wconf 89' lang='lat' dir='ltr'>coniurationis</span> <span class='ocrx_word' id='word_1_65' title='bbox 281 895 415 962; x_wconf 88' lang='lat' dir='ltr'>haberent,</span> <span class='ocrx_word' id='word_1_66' title='bbox 436 897 567 952; x_wconf 87' lang='lat' dir='ltr'>civitatem</span> <span class='ocrx_word' id='word_1_67' title='bbox 584 899 612 953; x_wconf 91' lang='lat' dir='ltr'>in</span> <span class='ocrx_word' id='word_1_68' title='bbox 631 916 659 952; x_wconf 89' lang='lat' dir='ltr'>se</span> <span class='ocrx_word' id='word_1_69' title='bbox 677 906 875 962; x_wconf 87' lang='lat' dir='ltr'>converterunt;</span> 
     </span>
     <span class='ocr_line' id='line_1_11' title="bbox 69 971 881 1044; baseline 0.004 -19"><span class='ocrx_word' id='word_1_70' title='bbox 69 989 140 1044; x_wconf 90' lang='lat' dir='ltr'>quae</span> <span class='ocrx_word' id='word_1_71' title='bbox 149 989 204 1034; x_wconf 85' lang='lat' dir='ltr'>eos,</span> <span class='ocrx_word' id='word_1_72' title='bbox 217 988 302 1041; x_wconf 89' lang='lat' dir='ltr'>quum</span> <span class='ocrx_word' id='word_1_73' title='bbox 311 971 339 1025; x_wconf 92' lang='lat' dir='ltr'>in</span> <span class='ocrx_word' id='word_1_74' title='bbox 350 989 431 1025; x_wconf 88' lang='lat' dir='ltr'>unam</span> <span class='ocrx_word' id='word_1_75' title='bbox 442 972 551 1027; x_wconf 91' lang='lat' dir='ltr'>domum</span> <span class='ocrx_word' id='word_1_76' title='bbox 561 973 752 1038; x_wconf 87' lang='lat' dir='ltr'>convenissent,</span> <span class='ocrx_word' id='word_1_77' title='bbox 762 991 881 1028; x_wconf 88' lang='lat' dir='ltr'>cremare</span> 
     </span>
     <span class='ocr_line' id='line_1_12' title="bbox 67 1046 877 1120; baseline 0.004 -21"><span class='ocrx_word' id='word_1_78' title='bbox 67 1046 165 1100; x_wconf 85' lang='lat' dir='ltr'>voluit.</span> <span class='ocrx_word' id='word_1_79' title='bbox 194 1047 225 1099; x_wconf 92' lang='lat' dir='ltr'>In</span> <span class='ocrx_word' id='word_1_80' title='bbox 235 1063 289 1116; x_wconf 94' lang='lat' dir='ltr'>quo</span> <span class='ocrx_word' id='word_1_81' title='bbox 298 1046 414 1100; x_wconf 84' lang='lat' dir='ltr'>tumultu</span> <span class='ocrx_word' id='word_1_82' title='bbox 425 1048 561 1120; x_wconf 80' lang='lat' dir='ltr'>sexaginta</span> <span class='ocrx_word' id='word_1_83' title='bbox 571 1046 653 1102; x_wconf 85' lang='lat' dir='ltr'>ferme</span> <span class='ocrx_word' id='word_1_84' title='bbox 663 1049 761 1118; x_wconf 86' lang='lat' dir='ltr'>periere</span> <span class='ocrx_word' id='word_1_85' title='bbox 770 1068 776 1103; x_wconf 91' lang='lat'><strong>:</strong></span> <span class='ocrx_word' id='word_1_86' title='bbox 798 1048 877 1102; x_wconf 84' lang='lat' dir='ltr'>ceteri</span> 
     </span>
     <span class='ocr_line' id='line_1_13' title="bbox 67 1119 877 1195; baseline 0.005 -21"><span class='ocrx_word' id='word_1_87' title='bbox 67 1121 98 1174; x_wconf 90' lang='lat' dir='ltr'>in</span> <span class='ocrx_word' id='word_1_88' title='bbox 112 1119 241 1174; x_wconf 90' lang='lat' dir='ltr'>exsilium</span> <span class='ocrx_word' id='word_1_89' title='bbox 256 1119 371 1190; x_wconf 89' lang='lat' dir='ltr'>proiecti.</span> <span class='ocrx_word' id='word_1_90' title='bbox 404 1122 566 1195; x_wconf 84' lang='lat' dir='ltr'>Pythagoras</span> <span class='ocrx_word' id='word_1_91' title='bbox 581 1131 668 1177; x_wconf 91' lang='lat' dir='ltr'>autem</span> <span class='ocrx_word' id='word_1_92' title='bbox 685 1141 772 1194; x_wconf 90' lang='lat' dir='ltr'>quum</span> <span class='ocrx_word' id='word_1_93' title='bbox 792 1141 877 1178; x_wconf 90' lang='lat' dir='ltr'>annos</span> 
     </span>
     <span class='ocr_line' id='line_1_14' title="bbox 65 1193 878 1270; baseline 0.004 -21"><span class='ocrx_word' id='word_1_94' title='bbox 65 1196 167 1268; x_wconf 86' lang='lat' dir='ltr'>viginti</span> <span class='ocrx_word' id='word_1_95' title='bbox 183 1193 309 1249; x_wconf 85' lang='lat' dir='ltr'>Crotonae</span> <span class='ocrx_word' id='word_1_96' title='bbox 324 1197 428 1268; x_wconf 83' lang='lat' dir='ltr'>egisset,</span> <span class='ocrx_word' id='word_1_97' title='bbox 443 1197 621 1267; x_wconf 85' lang='lat' dir='ltr'>Metapontum</span> <span class='ocrx_word' id='word_1_98' title='bbox 638 1198 770 1270; x_wconf 85' lang='lat' dir='ltr'>migravit,</span> <span class='ocrx_word' id='word_1_99' title='bbox 784 1198 878 1270; x_wconf 87' lang='lat' dir='ltr'>ibique</span> 
     </span>
     <span class='ocr_line' id='line_1_15' title="bbox 64 1269 878 1337; baseline 0.004 -12"><span class='ocrx_word' id='word_1_100' title='bbox 64 1269 195 1333; x_wconf 83' lang='lat' dir='ltr'>decessit3</span> <span class='ocrx_word' id='word_1_101' title='bbox 226 1269 303 1323; x_wconf 91' lang='lat' dir='ltr'>cuius</span> <span class='ocrx_word' id='word_1_102' title='bbox 322 1277 391 1324; x_wconf 86' lang='lat' dir='ltr'>tanta</span> <span class='ocrx_word' id='word_1_103' title='bbox 409 1269 546 1325; x_wconf 89' lang='lat' dir='ltr'>admiratio</span> <span class='ocrx_word' id='word_1_104' title='bbox 565 1270 623 1337; x_wconf 86' lang='lat' dir='ltr'>luit,</span> <span class='ocrx_word' id='word_1_105' title='bbox 640 1279 670 1327; x_wconf 89' lang='lat' dir='ltr'>ut</span> <span class='ocrx_word' id='word_1_106' title='bbox 684 1291 717 1328; x_wconf 90' lang='lat' dir='ltr'>ex</span> <span class='ocrx_word' id='word_1_107' title='bbox 730 1273 878 1328; x_wconf 86' lang='lat' dir='ltr'>domoeius</span> 
     </span>
     <span class='ocr_line' id='line_1_16' title="bbox 62 1342 703 1418; baseline 0 -18"><span class='ocrx_word' id='word_1_108' title='bbox 62 1345 201 1418; x_wconf 87' lang='lat' dir='ltr'>templum</span> <span class='ocrx_word' id='word_1_109' title='bbox 212 1342 332 1408; x_wconf 86' lang='lat' dir='ltr'>lacerent,</span> <span class='ocrx_word' id='word_1_110' title='bbox 345 1363 461 1416; x_wconf 90' lang='lat' dir='ltr'>eumque</span> <span class='ocrx_word' id='word_1_111' title='bbox 472 1345 574 1416; x_wconf 86' lang='lat' dir='ltr'>prodeo</span> <span class='ocrx_word' id='word_1_112' title='bbox 584 1346 703 1410; x_wconf 82' lang='lat' dir='ltr'>colerent.</span> 
     </span>
    </p>

    <p class='ocr_par' dir='ltr' id='par_1_3' title="bbox 34 1419 876 2761">
     <span class='ocr_line' id='line_1_17' title="bbox 122 1419 876 1493; baseline -0.003 -17"><span class='ocrx_word' id='word_1_113' title='bbox 122 1421 196 1476; x_wconf 74' lang='lat' dir='ltr'>Car.</span> <span class='ocrx_word' id='word_1_114' title='bbox 213 1419 247 1475; x_wconf 89' lang='lat' dir='ltr'>V.</span> <span class='ocrx_word' id='word_1_115' title='bbox 268 1419 352 1492; x_wconf 81' lang='lat' dir='ltr'>Igitur</span> <span class='ocrx_word' id='word_1_116' title='bbox 365 1420 507 1493; x_wconf 83' lang='lat' dir='ltr'>Dionysius</span> <span class='ocrx_word' id='word_1_117' title='bbox 522 1428 660 1493; x_wconf 83' lang='lat' dir='ltr'>tyrannus,</span> <span class='ocrx_word' id='word_1_118' title='bbox 676 1438 756 1492; x_wconf 91' lang='lat' dir='ltr'>quem</span> <span class='ocrx_word' id='word_1_119' title='bbox 770 1438 876 1490; x_wconf 90' lang='lat' dir='ltr'>supraa</span> 
     </span>
     <span class='ocr_line' id='line_1_18' title="bbox 60 1493 876 1566; baseline -0.005 -14"><span class='ocrx_word' id='word_1_120' title='bbox 60 1495 157 1551; x_wconf 87' lang='lat' dir='ltr'>Sicilia</span> <span class='ocrx_word' id='word_1_121' title='bbox 168 1493 314 1548; x_wconf 83' lang='lat' dir='ltr'>exercitum</span> <span class='ocrx_word' id='word_1_122' title='bbox 329 1495 356 1548; x_wconf 93' lang='lat' dir='ltr'>in</span> <span class='ocrx_word' id='word_1_123' title='bbox 368 1494 469 1549; x_wconf 91' lang='lat' dir='ltr'>ltaliam</span> <span class='ocrx_word' id='word_1_124' title='bbox 479 1495 618 1558; x_wconf 86' lang='lat' dir='ltr'>traiecisse,</span> <span class='ocrx_word' id='word_1_125' title='bbox 630 1495 876 1566; x_wconf 85' lang='lat' dir='ltr'>bellumqueGrae-</span> 
     </span>
     <span class='ocr_line' id='line_1_19' title="bbox 60 1568 876 1641; baseline -0.005 -15"><span class='ocrx_word' id='word_1_126' title='bbox 60 1572 102 1626; x_wconf 87' lang='lat' dir='ltr'>cis</span> <span class='ocrx_word' id='word_1_127' title='bbox 113 1568 241 1624; x_wconf 88' lang='lat' dir='ltr'>intulisse</span> <span class='ocrx_word' id='word_1_128' title='bbox 255 1570 470 1634; x_wconf 68' lang='lat' dir='ltr'>memoravimus</span> <span class='ocrx_word' id='word_1_129' title='bbox 487 1569 644 1641; x_wconf 81' lang='lat' dir='ltr'>expugnatis</span> <span class='ocrx_word' id='word_1_130' title='bbox 658 1569 746 1622; x_wconf 86' lang='lat' dir='ltr'>Locris</span> <span class='ocrx_word' id='word_1_131' title='bbox 757 1569 876 1632; x_wconf 84' lang='lat' dir='ltr'>Crotoni-</span> 
     </span>
     <span class='ocr_line' id='line_1_20' title="bbox 58 1642 876 1718; baseline -0.007 -17"><span class='ocrx_word' id='word_1_132' title='bbox 58 1663 144 1702; x_wconf 86' lang='lat' dir='ltr'>enses</span> <span class='ocrx_word' id='word_1_133' title='bbox 159 1644 209 1700; x_wconf 84' lang='lat' dir='ltr'>vix</span> <span class='ocrx_word' id='word_1_134' title='bbox 222 1643 291 1699; x_wconf 81' lang='lat' dir='ltr'>vires</span> <span class='ocrx_word' id='word_1_135' title='bbox 305 1643 383 1718; x_wconf 85' lang='lat' dir='ltr'>longo</span> <span class='ocrx_word' id='word_1_136' title='bbox 397 1645 448 1698; x_wconf 88' lang='lat' dir='ltr'>otio</span> <span class='ocrx_word' id='word_1_137' title='bbox 463 1661 497 1698; x_wconf 84' lang='lat' dir='ltr'>ex</span> <span class='ocrx_word' id='word_1_138' title='bbox 513 1643 608 1714; x_wconf 86' lang='lat' dir='ltr'>prioris</span> <span class='ocrx_word' id='word_1_139' title='bbox 626 1643 688 1696; x_wconf 90' lang='lat' dir='ltr'>belli</span> <span class='ocrx_word' id='word_1_140' title='bbox 707 1642 780 1696; x_wconf 88' lang='lat' dir='ltr'>clade</span> <span class='ocrx_word' id='word_1_141' title='bbox 800 1659 876 1696; x_wconf 87' lang='lat' dir='ltr'>resu-</span> 
     </span>
     <span class='ocr_line' id='line_1_21' title="bbox 57 1717 876 1794; baseline -0.006 -18"><span class='ocrx_word' id='word_1_142' title='bbox 57 1728 170 1776; x_wconf 86' lang='lat' dir='ltr'>mentes</span> <span class='ocrx_word' id='word_1_143' title='bbox 187 1718 351 1794; x_wconf 84' lang='lat' dir='ltr'>adgreditur:</span> <span class='ocrx_word' id='word_1_144' title='bbox 373 1719 421 1790; x_wconf 91' lang='lat' dir='ltr'>qui</span> <span class='ocrx_word' id='word_1_145' title='bbox 437 1717 528 1772; x_wconf 85' lang='lat' dir='ltr'>fortius</span> <span class='ocrx_word' id='word_1_146' title='bbox 543 1735 605 1772; x_wconf 89' lang='lat' dir='ltr'>com</span> <span class='ocrx_word' id='word_1_147' title='bbox 616 1717 706 1788; x_wconf 88' lang='lat' dir='ltr'>paucis</span> <span class='ocrx_word' id='word_1_148' title='bbox 720 1725 790 1771; x_wconf 84' lang='lat' dir='ltr'>tanto</span> <span class='ocrx_word' id='word_1_149' title='bbox 800 1735 876 1772; x_wconf 88' lang='lat' dir='ltr'>exer-</span> 
     </span>
     <span class='ocr_line' id='line_1_22' title="bbox 56 1791 874 1865; baseline -0.006 -14"><span class='ocrx_word' id='word_1_150' title='bbox 56 1797 128 1852; x_wconf 89' lang='lat' dir='ltr'>citui</span> <span class='ocrx_word' id='word_1_151' title='bbox 149 1794 218 1859; x_wconf 89' lang='lat' dir='ltr'>eius,</span> <span class='ocrx_word' id='word_1_152' title='bbox 240 1811 322 1865; x_wconf 91' lang='lat' dir='ltr'>quam</span> <span class='ocrx_word' id='word_1_153' title='bbox 340 1802 414 1848; x_wconf 85' lang='lat' dir='ltr'>antea</span> <span class='ocrx_word' id='word_1_154' title='bbox 430 1811 493 1847; x_wconf 89' lang='lat' dir='ltr'>cum</span> <span class='ocrx_word' id='word_1_155' title='bbox 511 1800 547 1847; x_wconf 89' lang='lat' dir='ltr'>tot</span> <span class='ocrx_word' id='word_1_156' title='bbox 565 1791 685 1847; x_wconf 91' lang='lat' dir='ltr'>millibus</span> <span class='ocrx_word' id='word_1_157' title='bbox 702 1792 874 1847; x_wconf 87' lang='lat' dir='ltr'>Locrensium</span> 
     </span>
     <span class='ocr_line' id='line_1_23' title="bbox 52 1867 874 1945; baseline -0.006 -18"><span class='ocrx_word' id='word_1_158' title='bbox 52 1868 206 1945; x_wconf 85' lang='lat' dir='ltr'>paucitati,</span> <span class='ocrx_word' id='word_1_159' title='bbox 224 1869 379 1922; x_wconf 88' lang='lat' dir='ltr'>restiterunt.</span> <span class='ocrx_word' id='word_1_160' title='bbox 410 1870 524 1923; x_wconf 88' lang='lat' dir='ltr'>Tantum</span> <span class='ocrx_word' id='word_1_161' title='bbox 542 1868 647 1923; x_wconf 86' lang='lat' dir='ltr'>virtutis</span> <span class='ocrx_word' id='word_1_162' title='bbox 665 1876 804 1939; x_wconf 87' lang='lat' dir='ltr'>paupertas</span> <span class='ocrx_word' id='word_1_163' title='bbox 827 1867 874 1922; x_wconf 93' lang='lat' dir='ltr'>ad-</span> 
     </span>
     <span class='ocr_line' id='line_1_24' title="bbox 53 1942 874 2014; baseline -0.01 -10"><span class='ocrx_word' id='word_1_164' title='bbox 53 1963 161 2004; x_wconf 85' lang='lat' dir='ltr'>versus</span> <span class='ocrx_word' id='word_1_165' title='bbox 178 1942 319 1998; x_wconf 85' lang='lat' dir='ltr'>insolentes</span> <span class='ocrx_word' id='word_1_166' title='bbox 332 1943 438 1997; x_wconf 86' lang='lat' dir='ltr'>divitias</span> <span class='ocrx_word' id='word_1_167' title='bbox 448 1943 535 2006; x_wconf 87' lang='lat' dir='ltr'>habet,</span> <span class='ocrx_word' id='word_1_168' title='bbox 551 1950 675 2014; x_wconf 88' lang='lat' dir='ltr'>tantoque</span> <span class='ocrx_word' id='word_1_169' title='bbox 688 1942 819 2014; x_wconf 88' lang='lat' dir='ltr'>insperata</span> <span class='ocrx_word' id='word_1_170' title='bbox 831 1943 874 1996; x_wconf 93' lang='lat' dir='ltr'>in-</span> 
     </span>
     <span class='ocr_line' id='line_1_25' title="bbox 51 2017 875 2090; baseline -0.008 -13"><span class='ocrx_word' id='word_1_171' title='bbox 51 2022 172 2077; x_wconf 87' lang='lat' dir='ltr'>terdum</span> <span class='ocrx_word' id='word_1_172' title='bbox 184 2024 285 2088; x_wconf 78' lang='lat' dir='ltr'>sperata</span> <span class='ocrx_word' id='word_1_173' title='bbox 298 2018 404 2072; x_wconf 85' lang='lat' dir='ltr'>victoria</span> <span class='ocrx_word' id='word_1_174' title='bbox 416 2019 508 2071; x_wconf 89' lang='lat' dir='ltr'>certior</span> <span class='ocrx_word' id='word_1_175' title='bbox 518 2027 566 2071; x_wconf 87' lang='lat' dir='ltr'>est.</span> <span class='ocrx_word' id='word_1_176' title='bbox 597 2017 649 2071; x_wconf 89' lang='lat' dir='ltr'>Sed</span> <span class='ocrx_word' id='word_1_177' title='bbox 662 2017 818 2090; x_wconf 86' lang='lat' dir='ltr'>Dionysium</span> <span class='ocrx_word' id='word_1_178' title='bbox 827 2035 875 2088; x_wconf 81' lang='lat' dir='ltr'>ge-</span> 
     </span>
     <span class='ocr_line' id='line_1_26' title="bbox 49 2091 872 2166; baseline -0.012 -12"><span class='ocrx_word' id='word_1_179' title='bbox 49 2105 167 2154; x_wconf 86' lang='lat' dir='ltr'>rentem</span> <span class='ocrx_word' id='word_1_180' title='bbox 184 2091 285 2146; x_wconf 92' lang='lat' dir='ltr'>hellum</span> <span class='ocrx_word' id='word_1_181' title='bbox 300 2091 378 2166; x_wconf 79' lang='lat' dir='ltr'>legati</span> <span class='ocrx_word' id='word_1_182' title='bbox 394 2092 539 2156; x_wconf 90' lang='lat' dir='ltr'>Gallorum,</span> <span class='ocrx_word' id='word_1_183' title='bbox 555 2092 602 2164; x_wconf 91' lang='lat' dir='ltr'>qui</span> <span class='ocrx_word' id='word_1_184' title='bbox 617 2099 676 2145; x_wconf 89' lang='lat' dir='ltr'>ante</span> <span class='ocrx_word' id='word_1_185' title='bbox 691 2109 809 2145; x_wconf 89' lang='lat' dir='ltr'>mensem</span> <span class='ocrx_word' id='word_1_186' title='bbox 821 2091 872 2144; x_wconf 85' lang='lat' dir='ltr'>Ro-</span> 
     </span>
     <span class='ocr_line' id='line_1_27' title="bbox 48 2167 873 2236; baseline -0.013 -8"><span class='ocrx_word' id='word_1_187' title='bbox 48 2189 138 2229; x_wconf 89' lang='lat' dir='ltr'>mam</span> <span class='ocrx_word' id='word_1_188' title='bbox 159 2167 343 2232; x_wconf 88' lang='lat' dir='ltr'>incenderant,</span> <span class='ocrx_word' id='word_1_189' title='bbox 369 2167 514 2220; x_wconf 85' lang='lat' dir='ltr'>societatem</span> <span class='ocrx_word' id='word_1_190' title='bbox 539 2167 735 2236; x_wconf 89' lang='lat' dir='ltr'>amicitiamque</span> <span class='ocrx_word' id='word_1_191' title='bbox 757 2172 873 2235; x_wconf 88' lang='lat' dir='ltr'>petentes</span> 
     </span>
     <span class='ocr_line' id='line_1_28' title="bbox 48 2245 871 2312; baseline -0.01 -12"><span class='ocrx_word' id='word_1_192' title='bbox 48 2249 178 2305; x_wconf 84' lang='lat' dir='ltr'>adeunt:</span> <span class='ocrx_word' id='word_1_193' title='bbox 210 2251 309 2312; x_wconf 75' lang='lat' dir='ltr'>pectem</span> <span class='ocrx_word' id='word_1_194' title='bbox 328 2259 403 2296; x_wconf 82' lang='lat' dir='ltr'>eccm</span> <span class='ocrx_word' id='word_1_195' title='bbox 422 2247 490 2296; x_wconf 84' lang='lat' dir='ltr'>inter</span> <span class='ocrx_word' id='word_1_196' title='bbox 509 2245 591 2296; x_wconf 82' lang='lat' dir='ltr'>tostae</span> <span class='ocrx_word' id='word_1_197' title='bbox 610 2245 665 2294; x_wconf 82' lang='lat' dir='ltr'>eius</span> <span class='ocrx_word' id='word_1_198' title='bbox 675 2245 789 2307; x_wconf 83' lang='lat' dir='ltr'>positam</span> <span class='ocrx_word' id='word_1_199' title='bbox 809 2257 871 2304; x_wconf 82' lang='lat' dir='ltr'>esee,</span> 
     </span>
     <span class='ocr_line' id='line_1_29' title="bbox 44 2317 874 2391; baseline -0.006 -18"><span class='ocrx_word' id='word_1_200' title='bbox 44 2335 211 2391; x_wconf 75' lang='lat' dir='ltr'>maqnoque</span> <span class='ocrx_word' id='word_1_201' title='bbox 219 2321 281 2371; x_wconf 83' lang='lat' dir='ltr'>usui</span> <span class='ocrx_word' id='word_1_202' title='bbox 290 2321 314 2370; x_wconf 85' lang='lat' dir='ltr'>ei</span> <span class='ocrx_word' id='word_1_203' title='bbox 322 2321 449 2386; x_wconf 72' lang='lat' dir='ltr'>futuram,</span> <span class='ocrx_word' id='word_1_204' title='bbox 459 2319 499 2370; x_wconf 87' lang='lat' dir='ltr'>oet</span> <span class='ocrx_word' id='word_1_205' title='bbox 508 2321 537 2371; x_wconf 81' lang='lat' dir='ltr'>in</span> <span class='ocrx_word' id='word_1_206' title='bbox 546 2321 603 2370; x_wconf 85' lang='lat' dir='ltr'>acie</span> <span class='ocrx_word' id='word_1_207' title='bbox 614 2318 720 2368; x_wconf 80' lang='lat' dir='ltr'>bellanti</span> <span class='ocrx_word' id='word_1_208' title='bbox 730 2317 769 2368; x_wconf 85' lang='lat' dir='ltr'>oet</span> <span class='ocrx_word' id='word_1_209' title='bbox 777 2318 809 2368; x_wconf 83' lang='lat' dir='ltr'>de</span> <span class='ocrx_word' id='word_1_210' title='bbox 820 2323 874 2368; x_wconf 86' lang='lat' dir='ltr'>ter-</span> 
     </span>
     <span class='ocr_line' id='line_1_30' title="bbox 43 2388 872 2470; baseline -0.011 -18"><span class='ocrx_word' id='word_1_211' title='bbox 43 2417 86 2470; x_wconf 78' lang='lat'>90</span> <span class='ocrx_word' id='word_1_212' title='bbox 100 2396 254 2450; x_wconf 81' lang='lat' dir='ltr'>intentisin</span> <span class='ocrx_word' id='word_1_213' title='bbox 261 2395 390 2458; x_wconf 84' lang='lat' dir='ltr'>proelium</span> <span class='ocrx_word' id='word_1_214' title='bbox 400 2394 522 2453; x_wconf 75' lang='lat' dir='ltr'>hostibus,</span> <span class='ocrx_word' id='word_1_215' title='bbox 535 2390 684 2444; x_wconf 88' lang='lat' dir='ltr'>adiirmant.</span> <span class='ocrx_word' id='word_1_216' title='bbox 711 2388 791 2443; x_wconf 89' lang='lat' dir='ltr'>Grata</span> <span class='ocrx_word' id='word_1_217' title='bbox 801 2388 872 2462; x_wconf 84' lang='lat' dir='ltr'>lega-</span> 
     </span>
     <span class='ocr_line' id='line_1_31' title="bbox 42 2463 871 2540; baseline -0.016 -11"><span class='ocrx_word' id='word_1_218' title='bbox 42 2475 89 2531; x_wconf 87' lang='lat' dir='ltr'>tio</span> <span class='ocrx_word' id='word_1_219' title='bbox 104 2467 240 2540; x_wconf 86' lang='lat' dir='ltr'>Dionysio</span> <span class='ocrx_word' id='word_1_220' title='bbox 250 2465 308 2525; x_wconf 86' lang='lat' dir='ltr'>luit.</span> <span class='ocrx_word' id='word_1_221' title='bbox 328 2466 365 2519; x_wconf 89' lang='lat' dir='ltr'>Ita</span> <span class='ocrx_word' id='word_1_222' title='bbox 376 2473 447 2536; x_wconf 89' lang='lat' dir='ltr'>pacta</span> <span class='ocrx_word' id='word_1_223' title='bbox 459 2465 577 2518; x_wconf 87' lang='lat' dir='ltr'>societate</span> <span class='ocrx_word' id='word_1_224' title='bbox 587 2470 612 2518; x_wconf 89' lang='lat' dir='ltr'>et</span> <span class='ocrx_word' id='word_1_225' title='bbox 621 2463 728 2517; x_wconf 87' lang='lat' dir='ltr'>auxiliis</span> <span class='ocrx_word' id='word_1_226' title='bbox 734 2463 871 2517; x_wconf 87' lang='lat' dir='ltr'>Gallorum</span> 
     </span>
     <span class='ocr_line' id='line_1_32' title="bbox 38 2537 871 2611; baseline -0.024 -3"><span class='ocrx_word' id='word_1_227' title='bbox 38 2554 168 2608; x_wconf 81' lang='lat' dir='ltr'>auctus,</span> <span class='ocrx_word' id='word_1_228' title='bbox 191 2539 291 2594; x_wconf 87' lang='lat' dir='ltr'>bellum</span> <span class='ocrx_word' id='word_1_229' title='bbox 309 2539 382 2595; x_wconf 83' lang='lat' dir='ltr'>velut</span> <span class='ocrx_word' id='word_1_230' title='bbox 395 2557 428 2594; x_wconf 85' lang='lat' dir='ltr'>ex</span> <span class='ocrx_word' id='word_1_231' title='bbox 442 2539 543 2611; x_wconf 82' lang='lat' dir='ltr'>integro</span> <span class='ocrx_word' id='word_1_232' title='bbox 561 2545 697 2592; x_wconf 81' lang='lat' dir='ltr'>restaurat.</span> <span class='ocrx_word' id='word_1_233' title='bbox 731 2537 766 2592; x_wconf 93' lang='lat' dir='ltr'>Iis</span> <span class='ocrx_word' id='word_1_234' title='bbox 784 2544 871 2588; x_wconf 85' lang='lat' dir='ltr'>autern</span> 
     </span>
     <span class='ocr_line' id='line_1_33' title="bbox 37 2612 871 2689; baseline -0.019 -16"><span class='ocrx_word' id='word_1_235' title='bbox 37 2619 149 2684; x_wconf 80' lang='lat' dir='ltr'>Gallis</span> <span class='ocrx_word' id='word_1_236' title='bbox 165 2632 246 2670; x_wconf 90' lang='lat' dir='ltr'>causa</span> <span class='ocrx_word' id='word_1_237' title='bbox 261 2614 289 2668; x_wconf 89' lang='lat' dir='ltr'>in</span> <span class='ocrx_word' id='word_1_238' title='bbox 305 2614 405 2669; x_wconf 88' lang='lat' dir='ltr'>ltaliam</span> <span class='ocrx_word' id='word_1_239' title='bbox 416 2612 539 2668; x_wconf 86' lang='lat' dir='ltr'>veniendi</span> <span class='ocrx_word' id='word_1_240' title='bbox 554 2613 682 2682; x_wconf 85' lang='lat' dir='ltr'>sedesque</span> <span class='ocrx_word' id='word_1_241' title='bbox 695 2627 776 2664; x_wconf 88' lang='lat' dir='ltr'>novas</span> <span class='ocrx_word' id='word_1_242' title='bbox 790 2623 871 2689; x_wconf 82' lang='lat' dir='ltr'>quae-</span> 
     </span>
     <span class='ocr_line' id='line_1_34' title="bbox 34 2684 872 2761; baseline -0.018 -16"><span class='ocrx_word' id='word_1_243' title='bbox 34 2693 140 2761; x_wconf 62' lang='lat' dir='ltr'>rendi</span> <span class='ocrx_word' id='word_1_244' title='bbox 155 2689 281 2745; x_wconf 86' lang='lat' dir='ltr'>intestina</span> <span class='ocrx_word' id='word_1_245' title='bbox 295 2689 425 2744; x_wconf 71' lang='lat' dir='ltr'>discordia</span> <span class='ocrx_word' id='word_1_246' title='bbox 438 2697 463 2743; x_wconf 88' lang='lat' dir='ltr'>et</span> <span class='ocrx_word' id='word_1_247' title='bbox 475 2687 601 2742; x_wconf 87' lang='lat' dir='ltr'>adsiduae</span> <span class='ocrx_word' id='word_1_248' title='bbox 613 2685 685 2739; x_wconf 92' lang='lat' dir='ltr'>domi</span> <span class='ocrx_word' id='word_1_249' title='bbox 695 2684 872 2736; x_wconf 79' lang='lat' dir='ltr'>dissensiones</span> 
     </span>
    </p>
   </div>
   <div class='ocr_carea' id='block_1_3' title="bbox 0 0 1004 3006">
    <p class='ocr_par' dir='ltr' id='par_1_4' title="bbox 0 0 1004 3006">
     <span class='ocr_line' id='line_1_35' title="bbox 0 0 1004 3006; baseline 0 7"><span class='ocrx_word' id='word_1_250' title='bbox 0 0 1004 3006; x_wconf 95' lang='lat' dir='ltr'> </span> 
     </span>
    </p>
   </div>
  </div>
 </body>
</html>
