2044 3028
37 223 39 292 j
126 217 178 273 att
362 223 710 286 lusT1utuusuou.‘

126 322 357 398 congressionibus
373 323 453 380 victor
467 323 567 388 finisset,
584 331 688 396 repente
702 321 806 378 insidiis
816 323 934 379 circum-

127 406 223 452 ventus
236 396 334 452 amisso
347 398 462 453 exercitu
471 399 583 470 capitur.
603 399 653 454 Cui
664 396 809 462 Arsacidae,
821 397 933 453 Partho·

128 489 186 527 rum
210 487 266 536 rex,
286 487 384 546 magno
401 481 427 527 et
442 474 514 548 regio
527 472 617 528 animo
633 473 715 528 misso
729 473 757 528 in
770 472 933 545 Hyrcaniam

127 562 180 600 non
200 545 303 601 cultum
318 553 421 602 tantum
436 547 538 622 regium
554 547 690 618 praestitit,
706 547 753 602 eod
768 553 795 600 et
806 545 892 600 filiam
902 547 933 602 iu

125 620 326 676 matrimonium
348 621 421 676 dedit
433 639 600 697 regnumque
618 622 719 696 Syriae,
736 621 809 694 quod
823 637 870 693 per
884 621 934 676 ab·

125 695 238 750 seutiam
252 696 310 750 eius
320 697 428 771 Trypbo
435 704 613 770 aucupaverat,
626 697 807 752 restituturum
819 696 934 767 promit-

126 772 168 824 tit.
200 771 261 825 Post
277 771 359 825 huius
378 779 487 826 mortem
507 770 643 844 desperato
660 771 746 826 reditu
765 787 818 826 uon
843 769 934 826 ferens

126 845 302 916 captivitatem
322 847 476 912 Demetrius,
499 846 638 917 privatam,
655 846 703 900 etsi
720 845 874 917 opulentam
891 845 935 900 vi-

126 927 181 975 tam
201 927 348 992 pertaesus,
370 921 463 976 tacitus
483 921 511 975 in
530 936 642 994 reguum
663 919 755 994 fugam
778 919 932 974 meditatur.

125 995 247 1050 Hortatur
256 995 296 1048 illi
308 1003 333 1050 et
341 1011 428 1050 comes
438 993 614 1052 Callimander
623 995 725 1050 amicus
734 1003 800 1049 erat:
813 993 862 1066 qui
872 1002 934 1065 post

127 1069 304 1140 captivitatem
323 1069 381 1125 eius
394 1089 408 1125 a
423 1069 500 1144 Syria
514 1087 562 1141 per
576 1070 686 1124 Arabiae
699 1069 800 1124 deserta
815 1069 933 1123 ducibus

126 1144 238 1216 pecunia
252 1145 408 1215 comparatis
423 1145 540 1200 Parthico
554 1143 647 1199 habitu
661 1143 822 1218 Babylonem
837 1159 934 1215 perve-

126 1226 207 1272 nerat.
240 1217 291 1272 Sed
304 1217 447 1292 fugientem
456 1219 607 1285 Phrabates,
619 1219 668 1290 qui
678 1217 817 1274 Arsacidae
826 1235 935 1273 succee-

126 1299 202 1357 eerat,
219 1293 339 1364 equitum
354 1294 482 1349 celeritate
496 1311 542 1366 per
554 1292 751 1365 compendiosae
761 1294 878 1348 tramites
888 1309 934 1348 oo·

126 1373 251 1438 oupatum
262 1367 378 1422 retrahit.
401 1369 433 1423 Ut
442 1377 482 1424 est
490 1367 619 1424 deductus
631 1367 665 1422 ad
675 1385 773 1441 regem,
785 1367 934 1423 Callimen·

127 1441 175 1496 dro
189 1441 298 1514 quidem
313 1459 366 1498 nou
376 1450 478 1498 tantun
488 1444 573 1509 venia,
586 1459 680 1498 verum
693 1443 771 1497 ctiam
781 1443 935 1514 praemium

127 1516 189 1572 fidei
204 1515 312 1572 datum:
330 1519 491 1573 Demetrium
506 1527 594 1574 autem
610 1525 636 1573 et
650 1519 764 1592 graviter
773 1517 936 1591 castigatum

126 1590 160 1645 ad
170 1593 309 1666 coniugem
320 1593 347 1647 in
358 1593 515 1667 Hyrcaniam
525 1593 633 1648 remittit
641 1592 834 1664 artioribusque
842 1601 939 1648 mueto-

126 1665 179 1720 diis
193 1667 327 1724 observari
341 1667 422 1722 iubet.
453 1668 587 1722 Interiectu
600 1667 695 1722 deinde
709 1675 831 1739 tempore,
844 1685 939 1738 quum

20 1787 24 1840 ᾗ
127 1740 208 1794 iidem
228 1741 268 1794 illi
286 1742 365 1796 etiam
385 1743 498 1814 suscepti
512 1742 587 1798 liberi
603 1741 723 1807 facerent,
740 1741 831 1797 eodem
846 1743 941 1799 amico
996 1739 997 1744 '

128 1816 222 1869 comite
236 1817 343 1886 repetita
353 1816 415 1891 iuga
425 1825 477 1872 eet:
493 1817 538 1871 sed
549 1817 606 1888 pari
617 1816 765 1872 infelicitate
774 1833 853 1887 prope
866 1817 941 1873 fines

128 1889 202 1962 regni
214 1890 257 1944 eui
270 1891 487 1962 deprehenditur3
499 1909 530 1946 ac
538 1891 625 1946 denuo
632 1891 776 1964 perductus
787 1891 821 1945 ad
829 1907 940 1964 regem,

128 1971 158 2018 ut
176 1964 289 2028 invisus,
311 1983 327 2018 a
348 1973 487 2038 conspectu
507 1967 689 2022 submovetur.
729 1966 804 2021 Tunc
823 1982 945 2040 quoque

125 2038 207 2094 uxori
227 2044 252 2093 et
271 2039 360 2094 liberis
374 2041 485 2096 donatus
499 2042 528 2096 in
544 2041 711 2114 Hyrcaniam,
727 2039 865 2111 poenalem
882 2042 947 2100 sibi

126 2113 269 2180 civitatem,
285 2115 425 2170 remittitur
439 2116 551 2188 tulimue
565 2114 650 2170 aureis
661 2115 694 2169 ad
703 2114 947 2185 exprobrationem

127 2187 239 2262 puerilis
249 2189 361 2245 levitatis
369 2189 492 2246 donatur.
512 2189 563 2245 Sed
571 2190 640 2244 hanc
649 2189 805 2245 Parthorum
816 2195 875 2245 tam
886 2194 949 2248 mi-

127 2271 181 2318 tem
195 2264 224 2318 in
238 2263 397 2320 Demetrium
413 2265 576 2320 clementiam
592 2282 644 2320 non
658 2263 835 2320 miserioordia
867 2270 949 2326 eutis

129 2336 246 2402 iaciebat,
268 2356 315 2393 nec
336 2347 467 2411 respectus
486 2340 647 2428 cognationis
653 2360 661 2428 .²
683 2339 729 2394 aed
750 2339 822 2412 quod
863 2343 951 2415 yrias

127 2411 680 2568 uutfttittbttuuttdtut
694 2413 953 2552 titubata

126 2564 265 2627 exegisset.
942 2561 947 2570 ”

133 2645 135 2650 ·
183 2627 252 2682 Car.
273 2631 310 2686 X.
331 2633 378 2686 iiie
393 2636 495 2692 auditis
513 2637 659 2693 Antiochus
678 2637 871 2710 oempanurnn
889 2645 956 2702 be}-

128 2692 186 2749 ium
199 2708 272 2755 ratus
286 2706 439 2774 exercitum,
456 2727 537 2782 quem
552 2711 644 2768 multis
665 2712 840 2770 finitimorum
864 2718 956 2780 hallis
