1984 3010
327 190 399 234 LIB.
419 189 513 235 XXIV.
535 189 612 235 CAP.
634 189 658 236 5.
845 186 888 236 l8l

88 306 167 358 qnam
179 296 259 342 totam
271 289 401 344 Orientem
410 292 460 342 soii
469 293 622 352 domuerint,
634 305 703 342 nunc
714 293 894 344 invindictam

87 367 179 433 finium
193 363 328 418 Dardanis
341 372 445 432 egeant:
465 367 599 417 militasse
611 367 705 418 habere
717 366 785 432 filios
795 382 892 428 eorum,

88 442 135 506 qai
145 440 196 504 *snb
206 439 357 492 Alcmaadro
367 455 427 506 reae
436 442 566 504 stipendia
578 446 631 491 toto
641 442 701 492 orbe
712 447 842 493 terrorum
852 445 894 494 vi-

90 513 306 580 ctores'seceriat.
336 511 469 578 Quae‘ubi
483 511 603 566 Dardano
617 512 673 584 regi
687 513 805 567 nuntiata
815 523 892 568 sunt:

87 589 215 654 inclytum
229 589 296 640 illud
303 587 472 642 Macedoniae
479 603 587 654 reynnm
596 589 667 640 brevi
676 591 810 641 immutari
820 593 893 642 iave-

87 667 130 715 ais
138 664 281 714 teneritate
291 678 413 715 casurum
422 659 498 714 dixit.

144 734 212 789 Cur.
225 735 266 806 ,V.
287 735 370 806 Igitur
385 732 455 789 Galli
469 734 535 788 duce
543 733 633 806 Belgio
642 733 675 787 ud
688 735 824 788 tentandos
837 736 893 790 Ma-

87 809 220 863 cedonum
233 809 335 862 animos
349 809 447 882 legatos
460 809 493 864 ad
507 807 685 862 Ptolemaeum
698 808 814 872 mittunt,
831 809 892 863 olle⁸

86 892 176 938 rentes
186 900 286 954 pacem,
299 884 322 936 si
332 901 417 938 emere
427 884 502 938 velit·
524 883 570 938 sed
580 882 743 938 Ptolemaeus
753 883 822 937 inter
830 901 892 938 suos

87 958 153 1013 belli
168 968 240 1011 metu
254 975 345 1029 pacem
362 957 452 1013 Gallos
466 966 551 1030 petere
560 955 687 1032 gloriatus
697 965 746 1012 est.
778 959 832 1012 Nec
843 959 894 1012 mi-

88 1051 142 1087 nus
158 1032 275 1086 ferociter
289 1051 317 1086 se
332 1033 423 1106 legatis
438 1051 519 1104 quam
534 1035 600 1087 inter
610 1033 707 1088 amicos
718 1033 831 1101 iactavit,
844 1033 894 1087 ali-

87 1118 128 1162 ter
151 1125 181 1160 se
202 1124 291 1177 paoem
312 1107 436 1162 daturum
455 1108 583 1180 negando,
604 1109 656 1162 nisi
675 1108 808 1179 principes
830 1111 893 1162 euos

87 1181 195 1237 obsides
205 1181 326 1236 dederint
339 1189 364 1236 et
382 1199 455 1236 arma
470 1182 637 1238 tradiderint:
658 1201 711 1237 non
726 1184 797 1237 enim
812 1183 892 1237 fidem

87 1275 117 1311 se
142 1257 194 1311 uisi
218 1257 365 1310 inermibus
384 1257 548 1310 habiturum.
588 1259 744 1312 lleuuntiuta
765 1258 895 1331 legatione
975 1325 977 1332 Α

86 1333 171 1386 risere
181 1331 260 1396 Galli,
273 1330 392 1402 undique
402 1329 581 1395 acclamantes,
592 1332 666 1386 brevi
677 1350 827 1396 sensurum,
840 1333 892 1386 sibi

88 1425 122 1462 an
140 1406 180 1459 illi
190 1405 355 1460 consulentes
365 1423 455 1477 pacem
465 1404 616 1460 obtulerint.
646 1407 788 1460 Interiectis
798 1408 892 1461 diebus
958 1454 962 1462 .

87 1481 220 1552 proelium
247 1482 405 1544 conseritur,
428 1480 543 1552 victique
562 1481 714 1535 Macedones
737 1481 890 1535 caeduntur.

86 1557 253 1611 Ptolemaeus
272 1555 363 1610 multis
377 1555 532 1610 vulneribus
553 1556 659 1609 saucius
674 1555 790 1625 cupitur:
816 1563 893 1626 caput

87 1632 148 1686 eius
166 1637 331 1700 amputatum
346 1639 371 1684 ct
385 1631 473 1686 lancea
489 1631 574 1684 fixum
591 1638 640 1684 totu
654 1630 708 1684 acie
723 1629 756 1682 ad
771 1637 892 1684 terrorem

86 1705 207 1760 hostium
230 1703 422 1759 circumfertur.
451 1707 550 1759 Paucos
570 1723 603 1760 ex
624 1703 810 1759 Macedonibus
830 1704 893 1777 luga

86 1780 218 1836 servavit:
240 1780 316 1833 ceteri
331 1789 376 1834 aut
389 1780 457 1851 capti
472 1789 518 1834 aut
532 1780 620 1836 occisi.
650 1781 718 1834 llaec
726 1797 812 1850 quum
823 1797 898 1834 uun*

88 1857 152 1910 tiata
172 1871 341 1925 peromnem
361 1855 539 1910 Macedoniam
558 1861 652 1919 essent,
673 1862 762 1927 portae
784 1855 893 1909 urbium

86 1929 264 1994 clauduntur,
289 1929 361 1984 luctu
386 1929 474 1984 omnia
490 1929 633 2001 replentur:
665 1947 737 1986 nunc
756 1931 893 1985 orbitatem

86 2005 251 2061 amissorum
276 2003 390 2058 filiorum
413 2003 549 2068 dolebant;
572 2022 644 2058 uuna
662 2003 764 2059 excidia
786 2005 893 2058 urbium

86 2079 254 2146 metuebant3
277 2097 349 2133 nunc
357 2079 500 2134 Alexandri
510 2078 893 2150 Philippiqueregumsuorum

86 2155 208 2219 nomina,
222 2154 298 2208 sicuti
308 2154 428 2218 numina,
441 2154 469 2208 in
478 2153 609 2209 auxilium
620 2153 760 2207 vocabant:
782 2157 830 2206 snb
841 2156 898 2208 iilis

87 2249 115 2286 se
129 2247 183 2284 non
196 2232 280 2282 scium
292 2237 367 2292 tutos,
379 2234 555 2284 verumetiam
564 2234 674 2284 uictores
683 2231 753 2282 orbis
763 2237 895 2283 terrorum

88 2308 236 2359 restitisse:
256 2312 436 2362 retinerentur
447 2309 564 2372 patriam
574 2321 658 2366 saum,
669 2321 746 2372 quam
755 2307 842 2372 picria
851 2323 894 2358 re-

88 2397 149 2432 ram
171 2387 305 2448 pasturum
327 2383 396 2432 coelo
406 2383 559 2446 proximam
572 2383 757 2447 reddidissent3
780 2389 808 2433 nt
823 2396 894 2446 opem

88 2457 205 2520 adflictis
220 2458 332 2522 ferrent,
344 2471 408 2521 quos
417 2459 494 2520 saror
504 2461 527 2506 et
538 2457 669 2506 temeritas
678 2454 816 2506 Ptolemaei
825 2457 894 2518 repis

83 2532 251 2596 perdidisset,
270 2527 388 2580 orabant.
413 2527 616 2596 Desperantibus
626 2527 750 2580 omnibus
761 2542 813 2579 non
827 2524 895 2579 votis

88 2599 224 2674 agendum
242 2599 391 2666 sosthenes,
408 2618 479 2656 unus
493 2599 525 2652 de
535 2599 706 2654 Macedonum
716 2597 892 2668 principibus,

87 2682 162 2731 ratus
176 2683 307 2730 contracta
322 2677 459 2730 iuventute
472 2681 498 2727 et
511 2672 600 2727 Gallos
615 2672 723 2725 victoria
734 2668 894 2724 exsultantes
