2016 3028
298 201 370 246 ain.
390 201 472 247 xxv.
503 173 584 263 oar,
605 202 631 247 a.
821 199 870 250 487

49 303 145 360 lulius
155 298 278 354 victoriae
288 317 341 354 non
351 317 366 352 a
377 299 461 353 Gallis
472 308 581 365 tantum,
589 319 682 355 verum
692 301 771 355 etiam
782 319 797 356 a
809 302 870 356 lini-

48 381 191 434 timorum
203 373 303 428 feritate
314 375 478 446 praestiterit.
508 375 677 447 Quamquam
691 375 827 432 Gallorum
840 395 877 432 ea

50 456 218 522 tempestate
231 457 316 502 tantae
330 448 496 504 fecunditatis
518 451 641 504 iuventus
661 450 719 514 luit,
735 459 765 505 ut
777 452 869 506 Asiam

47 542 172 584 omnem
187 522 259 577 velut
272 525 394 578 examine
409 522 498 594 aliquo
512 523 659 595 implerent.
689 525 808 597 Denique
823 545 870 581 ne-

48 619 112 675 que
123 614 209 670 ⁴reges
223 597 335 652 Orientis
350 599 407 652 sine
422 599 581 652 mercenario
595 598 732 653 Gallorum
752 601 869 656 exercitu

49 677 114 733 ulla
133 671 205 727 bella
219 681 369 744 gesserunt;
392 689 478 744 noque
494 672 565 743 pulsi
575 691 657 746 regno
667 673 775 728 adalics
786 693 869 745 quam

48 753 89 808 ad
102 746 201 804 Gallos
211 746 394 819 confugerunt.
416 748 515 801 Tantus
526 757 606 801 terror
615 747 710 802 Gallici
720 749 836 802 nominis
844 757 870 803 et

49 837 203 882 armorum
218 821 314 875 invicta
328 820 437 874 felicitas
452 830 514 886 erat,
530 831 560 875 ut
569 820 643 875 aliter
654 838 740 892 neque
749 823 871 876 maiesta-
946 832 948 836 '

49 912 110 956 tem
125 913 206 950 suam
217 896 294 950 tutari
304 913 390 967 neque
399 896 525 950 amissam
535 911 688 966 recuperare
695 913 723 950 se
730 913 806 966 posse
813 897 870 951 sina

49 972 167 1031 Gallica
178 971 273 1028 virtute
286 971 484 1024 arbitrarentur.
516 971 607 1042 ltaque
620 971 647 1024 in
658 971 790 1026 auxilium
802 972 871 1026 alli·

51 1046 175 1122 thynias
195 1063 255 1118 rege
271 1045 392 1109 invocati,
408 1063 521 1118 regnum
535 1062 597 1098 cum
611 1063 650 1110 eo,
666 1055 739 1117 parta
749 1044 866 1111 victoria,

1 1141 2 1144 ’
52 1123 227 1189 diviserunt3
248 1137 360 1193 eamque
375 1121 508 1194 regionem
519 1119 724 1194 Gallograeciam
734 1121 870 1196 cognomi-

52 1203 206 1255 naverunt.
707 1202 708 1210 ’

117 1271 189 1326 Car.
209 1271 252 1326 lll.
273 1271 343 1324 Dum
362 1269 427 1324 haec
445 1269 474 1324 in
487 1268 549 1324 Asia
566 1277 703 1342 gerontam,
725 1272 831 1326 interim
841 1272 869 1326 in

50 1346 153 1404 Sicilia
170 1345 313 1418 Pyrrhusa
327 1345 420 1399 Poenis
435 1343 523 1398 navali
537 1345 635 1415 proelio
644 1346 737 1410 uictae,
750 1347 783 1400 ab
794 1347 871 1402 Anti-

51 1438 144 1498 gono,
161 1419 328 1474 Macedoniae
342 1437 411 1492 rege,
425 1419 638 1490 supplementum
650 1422 765 1476 militum
776 1439 822 1492 per
833 1421 871 1475 le·

50 1507 138 1573 gatos
158 1495 230 1564 petit,
251 1494 420 1558 denuntians
439 1499 466 1550 nt
480 1499 574 1559 mittat,
588 1501 674 1551 redire
685 1514 712 1551 ae
726 1501 754 1550 tn
763 1513 871 1564 raparum

53 1587 166 1628 necesse
180 1573 280 1634 lutere,
292 1575 451 1625 incrementa
464 1587 561 1633 rerum,
576 1589 642 1638 qima
652 1575 683 1624 de
693 1573 815 1624 Romanis
824 1587 870 1624 vo·

52 1650 151 1706 tuerit,
167 1649 199 1698 de
213 1648 269 1712 ipso
281 1649 470 1714 quaesiturum.
501 1643 577 1710 Quod
591 1645 638 1698 ubi
653 1653 776 1716 negatum
793 1643 870 1716 legati

53 1719 220 1783 retulerunt,
236 1718 410 1772 dissimulatis
424 1719 524 1772 caussis
543 1719 705 1790 repentinam
719 1719 796 1792 fingit
810 1736 871 1790 pro·

53 1795 214 1852 lectionem.
246 1793 334 1848 Socios
352 1791 457 1848 interim
474 1811 566 1864 parare
580 1793 680 1847 bellum
697 1793 781 1848 iubet:
803 1795 870 1848 arcis

52 1868 221 1936 Tarentinae
230 1868 374 1922 custodiam
382 1867 478 1922 Heleno
489 1868 544 1926 filio
553 1876 578 1922 et
587 1868 672 1922 amico
682 1867 773 1924 Miloni
781 1869 868 1925 tradit.

54 1948 198 2002 Reversus
217 1942 244 1996 in
258 1943 370 2014 Epirum
390 1943 477 1996 statim
492 1943 558 1996 fines
572 1943 737 1999 Macedoniae
754 1945 868 2000 invadit:

52 2019 104 2076 cui
113 2017 266 2089 Antigonus
276 2034 337 2071 cum
356 2017 471 2072 exercitu
491 2019 615 2087 occurrit;
640 2019 778 2091 victusque
795 2036 871 2090 proe-

55 2095 96 2150 lio
113 2093 142 2147 in
160 2090 252 2164 lugam
262 2093 380 2147 vertitur.
410 2091 497 2164 Atque
512 2092 546 2146 ita
562 2093 681 2166 Pyrrhus
691 2093 869 2148 Macedoniam

54 2171 86 2224 in
99 2167 264 2222 deditionem
280 2167 389 2237 accepit;
411 2175 436 2221 et
449 2167 529 2222 veluti
539 2167 636 2222 damna
645 2169 757 2222 amissae
767 2167 870 2222 Siciliae

56 2243 209 2312 Italiaeque
222 2241 354 2312 adquisito
368 2240 533 2296 Macedoniae
550 2259 631 2315 regno
649 2250 791 2313 pensasset,
808 2240 870 2296 reli-

53 2327 137 2372 ctum
148 2315 253 2370 Tarenti
268 2315 353 2370 lilium
366 2323 391 2369 et
400 2317 516 2370 amicum
527 2317 641 2372 arcessit.
664 2317 812 2390 Antigonus
822 2333 870 2372 au-

56 2402 116 2446 tem
125 2408 189 2446 cum
201 2390 292 2460 paucis
300 2391 444 2461 equitibus,
454 2390 533 2464 fugae
541 2391 690 2456 comitibus,
704 2401 807 2463 nep'ente
817 2391 870 2447 ior-

56 2475 144 2522 tunae
153 2465 316 2519 ornamentis
325 2464 478 2530 destitutus,
496 2465 587 2519 amissi
601 2466 676 2538 regni
687 2466 869 2537 speculaturus

53 2539 400 2604 eventus,Thessalonicam
411 2557 439 2594 sa
449 2540 556 2610 recepit:
569 2548 598 2594 ut
608 2540 870 2594 indecumconducta

53 2615 204 2671 Gallorum
219 2614 377 2668 mercenaria
391 2631 473 2669 manu
484 2613 584 2668 bellum
598 2623 734 2683 repararet.
767 2615 870 2665 Rursus

52 2709 72 2746 a
82 2689 246 2753 Ptolemaeo,
262 2689 357 2762 Pyrrhi
370 2687 435 2752 lilio,
452 2687 573 2742 funditus
588 2687 682 2750 victus,
698 2702 759 2738 cum
770 2691 870 2754 septem
