2014 3000
101 163 116 214 6
333 166 485 212 IUSTINI
503 165 660 211 HISTOR.

100 272 249 336 exponeret,
261 265 473 337 permitteretque
483 265 543 330 sibi,
559 265 615 320 sive
625 263 742 318 fortunae
753 265 836 336 ipsius
846 265 903 320 sive

101 341 157 411 spei
176 357 239 394 suae
258 357 372 411 puerum
392 340 500 394 nutrire.
530 339 617 411 Atque
630 339 664 392 ita
675 347 820 410 permutata
834 348 902 394 sorte

100 413 282 485 parvulorum,
295 415 339 468 hic
348 431 396 484 pro
406 413 580 485 filiopastoris
590 414 728 478 educatur,
745 413 846 485 illepro
856 432 903 468 ne-

100 496 159 559 pote
172 489 242 560 regis
255 489 404 560 exponitur.
435 489 536 543 Nutrici
547 488 629 561 Spaco
637 496 725 560 postea
735 505 829 542 nomen
841 487 900 554 luit,

100 563 164 634 quia
171 579 263 618 canem
274 565 365 618 Persae
375 563 413 617 sic
422 570 525 617 vocant.

156 637 222 692 Car.
244 639 276 694 V.
307 640 375 693 Puer
394 637 489 692 deinde
507 655 592 708 quum
611 637 678 691 inter
692 645 808 709 pastores
823 646 899 703 esset,

101 712 165 786 Cyri
178 730 274 767 nomen
285 713 392 785 accepit.
421 714 482 768 Mox
493 716 539 766 rex
549 712 615 766 inter
625 711 743 766 ludentes
754 720 822 766 sorte
832 712 903 767 dele-

100 795 171 852 ctus,
189 805 274 860 quum
284 806 331 860 per
345 787 479 854 lasciviam
493 794 657 842 contumaces
669 783 779 860 flagellis
793 787 905 841 cecidis-

100 870 147 927 set,
165 864 347 934 aparentibus
361 879 504 934 puerorum
519 861 624 933 querela
638 869 677 915 est
690 861 745 934 regi
754 861 846 927 delata,
858 861 904 915 in-

100 937 282 1009 dignantibus,
295 955 309 991 a
320 955 395 992 servo
405 937 476 1010 regio
486 937 615 1009 ingenuos
629 936 749 990 homines
759 935 902 990 servilibus

100 1011 255 1066 verberibus
269 1011 382 1066 affectos.
413 1011 459 1065 llle
474 1011 594 1065 arcessito
604 1027 684 1082 puero
699 1019 723 1064 et
733 1011 899 1083 interrogato,

100 1102 195 1155 quum,
212 1085 279 1138 nihil
293 1093 392 1140 mutato
406 1084 492 1147 vultu,
509 1091 598 1154 secisse
608 1103 635 1138 se
644 1095 673 1139 ut
685 1103 777 1154 repam,
792 1102 903 1156 respon-

99 1159 189 1223 disset,
202 1159 345 1214 admiratus
355 1161 535 1222 constantiam,
552 1159 580 1213 in
592 1159 744 1214 memoriam
754 1160 850 1214 somnii
860 1177 902 1214 re-

99 1233 243 1305 sponsique
253 1244 398 1289 revocatur.
427 1235 514 1306 Atque
526 1234 561 1287 ita
571 1251 655 1306 quum
671 1241 696 1288 et
706 1233 795 1288 vultus
805 1234 901 1288 simili-

98 1307 163 1361 tudo
177 1315 202 1361 et
219 1309 389 1380 expositionis
405 1316 521 1380 tempora
537 1317 562 1362 et
575 1308 684 1379 pastoris
699 1307 826 1362 confessio
838 1326 902 1363 oon-

5 1413 8 1428 »
99 1382 227 1448 venirent,
240 1391 359 1455 nepotem
371 1383 487 1456 agnovit.
516 1383 550 1436 Et
562 1383 688 1454 quoniam
698 1381 837 1436 defunctus
847 1383 900 1437 sibi

99 1457 202 1512 somnio
210 1458 351 1524 videretur,
370 1459 465 1531 agitato
475 1457 541 1510 inter
550 1464 667 1528 pastores
676 1475 766 1530 regno,
779 1457 907 1522 animum

99 1532 229 1587 minacem
254 1534 381 1588 duntaxat
400 1533 428 1586 in
452 1531 496 1586 illo
515 1531 601 1604 fregit.
638 1531 759 1587 Ceterum
780 1533 901 1606 Harpago

99 1609 184 1662 amico
199 1625 247 1662 suo
264 1607 384 1671 infestus,
402 1607 429 1661 in
446 1606 572 1661 ultionem
585 1607 680 1661 servati
691 1607 800 1678 nepotis,
813 1606 901 1662 lilium

99 1681 156 1735 eius
170 1681 305 1746 interfecit,
322 1681 538 1753 epulandumque
550 1681 616 1752 patri
627 1680 744 1735 tradidit.
774 1681 826 1735 Sed
835 1683 911 1750 llar-v

97 1771 184 1827 pagus
204 1756 237 1808 ad
256 1772 379 1826 praesens
393 1763 498 1827 tempus
516 1755 681 1810 dissimulato
695 1755 791 1820 dolore,
808 1756 901 1812 odium

98 1829 168 1902 regis
181 1829 209 1883 in
222 1829 350 1884 vindictae
364 1831 524 1884 occasionem
539 1829 650 1885 distulit.
680 1830 813 1884 Interiecto
826 1830 903 1886 deiu-

98 1903 131 1958 de
151 1911 275 1974 tempore,
298 1922 384 1976 quum
397 1904 552 1961 adolevisset
569 1905 665 1978 Cyrus,
681 1905 769 1960 dolore
781 1905 901 1961 orbitatis

98 1978 258 2043 admonitus,
271 1980 362 2033 scribit
371 1979 403 2043 ei,
419 1990 448 2034 ut
460 1983 594 2048 ableqotue
603 1985 630 2034 r‘rr
640 1982 733 2034 Persas
742 1983 775 2034 ob
784 1997 833 2034 coo
842 1986 903 2049 sue-

98 2058 149 2108 rr't:
169 2063 199 2108 ut
212 2059 296 2109 occidi
309 2073 366 2108 eum
373 2057 515 2122 porculum
529 2072 594 2108 acue
604 2059 723 2109 imecrr‘t:
742 2063 772 2108 ct
782 2057 902 2124 beneficio

98 2145 145 2182 ruo
154 2139 273 2184 serrantur
282 2133 331 2183 rit:
340 2139 370 2183 ct
380 2147 464 2198 repam
475 2133 624 2199 offertdarr't:
642 2132 762 2198 etlilium
771 2135 900 2184 omiserit.

98 2202 230 2269 Hortatur,
252 2209 396 2258 scaritum
407 2213 493 2272 paret,
509 2212 534 2257 et
544 2221 657 2272 prorum
670 2207 705 2270 ad
714 2221 821 2272 reprom
831 2209 903 2260 viam

98 2281 272 2344 appreciatur,
287 2277 424 2332 Medorum
437 2277 618 2332 transitionem
627 2277 770 2348 pollicitus.
795 2277 903 2348 Episto-

98 2346 133 2412 la,
151 2351 214 2420 quia
229 2351 317 2420 palam
331 2351 393 2405 lerri
408 2352 543 2423 nequibat,
563 2353 632 2424 regis
645 2351 799 2406 custodibus
809 2368 902 2406 omnes

98 2421 186 2476 aditus
200 2424 392 2490 obsidentibus,
408 2432 556 2480 exenterato
570 2425 651 2497 lepori
667 2426 799 2491 inseritur,
812 2424 904 2496 lepus-

44 2563 48 2574 ·
99 2508 152 2575 quc
161 2495 189 2548 in
201 2497 292 2551 Persas
302 2499 372 2570 Cyro
385 2497 509 2552 ferendus
520 2499 573 2554 fido
582 2517 658 2555 servo
668 2499 791 2555 traditur:
812 2500 904 2555 addita

99 2571 171 2628 retra,
184 2575 214 2618 ut
226 2569 278 2622 sub
288 2571 373 2638 specie
383 2573 514 2627 venatoris
526 2573 603 2628 dolus
614 2573 711 2628 lateret.

153 2636 222 2690 Car.
234 2640 279 2693 VI.
300 2643 385 2696 Lectis
395 2644 669 2715 illeepistolis,eadem
679 2649 782 2704 somnio
793 2648 904 2723 adgredi
