<?xml version="1.0" encoding="UTF-8"?>
<!DOCTYPE html PUBLIC "-//W3C//DTD XHTML 1.0 Transitional//EN"
    "http://www.w3.org/TR/xhtml1/DTD/xhtml1-transitional.dtd">
<html xmlns="http://www.w3.org/1999/xhtml" xml:lang="en" lang="en">
 <head>
  <title>
</title>
<meta http-equiv="Content-Type" content="text/html;charset=utf-8" />
  <meta name='ocr-system' content='tesseract 3.04.00' />
  <meta name='ocr-capabilities' content='ocr_page ocr_carea ocr_par ocr_line ocrx_word'/>
</head>
<body>
  <div class='ocr_page' id='page_1' title='image "./justinihistoria00justgoog_0072.png"; bbox 0 0 2022 3010; ppageno 0'>
   <div class='ocr_carea' id='block_1_1' title="bbox 356 175 900 226">
    <p class='ocr_par' dir='ltr' id='par_1_1' title="bbox 356 175 900 226">
     <span class='ocr_line' id='line_1_1' title="bbox 356 175 900 226; baseline 0.009 -5"><span class='ocrx_word' id='word_1_1' title='bbox 356 177 428 222; x_wconf 84' lang='lat' dir='ltr'>LLB.</span> <span class='ocrx_word' id='word_1_2' title='bbox 447 177 492 223; x_wconf 85' lang='lat' dir='ltr'>VI.</span> <span class='ocrx_word' id='word_1_3' title='bbox 514 178 592 224; x_wconf 77' lang='lat' dir='ltr'>cAP.</span> <span class='ocrx_word' id='word_1_4' title='bbox 612 179 639 224; x_wconf 80' lang='lat'>4.</span> <span class='ocrx_word' id='word_1_5' title='bbox 866 175 900 226; x_wconf 76' lang='grc'>59</span> 
     </span>
    </p>
   </div>
   <div class='ocr_carea' id='block_1_2' title="bbox 88 273 900 2288">
    <p class='ocr_par' dir='ltr' id='par_1_2' title="bbox 88 273 900 1467">
     <span class='ocr_line' id='line_1_2' title="bbox 88 273 900 350; baseline 0.004 -22"><span class='ocrx_word' id='word_1_6' title='bbox 88 293 137 342; x_wconf 85' lang='lat' dir='ltr'>rus</span> <span class='ocrx_word' id='word_1_7' title='bbox 151 273 270 346; x_wconf 90' lang='lat' dir='ltr'>periculo</span> <span class='ocrx_word' id='word_1_8' title='bbox 285 277 363 348; x_wconf 81' lang='lat' dir='ltr'>regis,</span> <span class='ocrx_word' id='word_1_9' title='bbox 381 277 500 332; x_wconf 88' lang='lat' dir='ltr'>victurus</span> <span class='ocrx_word' id='word_1_10' title='bbox 513 279 629 348; x_wconf 89' lang='lat' dir='ltr'>praemio</span> <span class='ocrx_word' id='word_1_11' title='bbox 639 278 751 348; x_wconf 78' lang='lat' dir='ltr'>patriae,</span> <span class='ocrx_word' id='word_1_12' title='bbox 772 276 900 350; x_wconf 82' lang='lat' dir='ltr'>gloriam-</span> 
     </span>
     <span class='ocr_line' id='line_1_3' title="bbox 90 350 896 423; baseline 0.002 -19"><span class='ocrx_word' id='word_1_13' title='bbox 90 367 145 421; x_wconf 89' lang='lat' dir='ltr'>que</span> <span class='ocrx_word' id='word_1_14' title='bbox 159 350 273 404; x_wconf 89' lang='lat' dir='ltr'>diversis</span> <span class='ocrx_word' id='word_1_15' title='bbox 288 351 398 416; x_wconf 88' lang='lat' dir='ltr'>artibus,</span> <span class='ocrx_word' id='word_1_16' title='bbox 409 354 600 423; x_wconf 89' lang='lat' dir='ltr'>quampriores</span> <span class='ocrx_word' id='word_1_17' title='bbox 610 353 722 408; x_wconf 85' lang='lat' dir='ltr'>civitatis</span> <span class='ocrx_word' id='word_1_18' title='bbox 733 370 796 406; x_wconf 90' lang='lat' dir='ltr'>suae</span> <span class='ocrx_word' id='word_1_19' title='bbox 806 353 896 417; x_wconf 89' lang='lat' dir='ltr'>duces,</span> 
     </span>
     <span class='ocr_line' id='line_1_4' title="bbox 91 425 897 497; baseline 0.004 -20"><span class='ocrx_word' id='word_1_20' title='bbox 91 433 296 479; x_wconf 82' lang='lat' dir='ltr'>consecuturus:</span> <span class='ocrx_word' id='word_1_21' title='bbox 323 425 422 496; x_wconf 82' lang='lat' dir='ltr'><strong>quippe</strong></span> <span class='ocrx_word' id='word_1_22' title='bbox 446 425 505 481; x_wconf 87' lang='lat' dir='ltr'>illos</span> <span class='ocrx_word' id='word_1_23' title='bbox 527 428 656 482; x_wconf 90' lang='lat' dir='ltr'>vincendo</span> <span class='ocrx_word' id='word_1_24' title='bbox 675 429 766 482; x_wconf 81' lang='lat' dir='ltr'>Persas</span> <span class='ocrx_word' id='word_1_25' title='bbox 785 429 897 497; x_wconf 87' lang='lat' dir='ltr'>patriam</span> 
     </span>
     <span class='ocr_line' id='line_1_5' title="bbox 90 499 899 572; baseline 0 -18"><span class='ocrx_word' id='word_1_26' title='bbox 90 499 256 566; x_wconf 77' lang='lat' dir='ltr'>defendisse,</span> <span class='ocrx_word' id='word_1_27' title='bbox 279 517 307 553; x_wconf 85' lang='lat' dir='ltr'>se</span> <span class='ocrx_word' id='word_1_28' title='bbox 316 501 407 555; x_wconf 81' lang='lat' dir='ltr'><strong>Persas</strong></span> <span class='ocrx_word' id='word_1_29' title='bbox 417 501 526 554; x_wconf 89' lang='lat' dir='ltr'>victores</span> <span class='ocrx_word' id='word_1_30' title='bbox 537 501 654 556; x_wconf 85' lang='lat' dir='ltr'>faciendo</span> <span class='ocrx_word' id='word_1_31' title='bbox 663 502 844 555; x_wconf 82' lang='lat' dir='ltr'>restituturum</span> <span class='ocrx_word' id='word_1_32' title='bbox 851 519 899 572; x_wconf 91' lang='lat' dir='ltr'>pa-</span> 
     </span>
     <span class='ocr_line' id='line_1_6' title="bbox 91 575 896 648; baseline 0 -20"><span class='ocrx_word' id='word_1_33' title='bbox 91 575 171 628; x_wconf 83' lang='lat' dir='ltr'>triam</span> <span class='ocrx_word' id='word_1_34' title='bbox 183 591 249 627; x_wconf 90' lang='lat' dir='ltr'>esse.</span> <span class='ocrx_word' id='word_1_35' title='bbox 280 575 359 628; x_wconf 92' lang='lat' dir='ltr'>Porro</span> <span class='ocrx_word' id='word_1_36' title='bbox 369 575 512 629; x_wconf 82' lang='lat' dir='ltr'>Pisandrus</span> <span class='ocrx_word' id='word_1_37' title='bbox 522 594 569 646; x_wconf 93' lang='lat' dir='ltr'>pro</span> <span class='ocrx_word' id='word_1_38' title='bbox 579 577 760 630; x_wconf 83' lang='lat' dir='ltr'>coniunctione</span> <span class='ocrx_word' id='word_1_39' title='bbox 770 575 896 648; x_wconf 81' lang='lat' dir='ltr'>Agesilai,</span> 
     </span>
     <span class='ocr_line' id='line_1_7' title="bbox 91 649 898 721; baseline 0.002 -19"><span class='ocrx_word' id='word_1_40' title='bbox 91 649 173 702; x_wconf 86' lang='lat' dir='ltr'>etiam</span> <span class='ocrx_word' id='word_1_41' title='bbox 191 649 318 703; x_wconf 88' lang='lat' dir='ltr'>virtutum</span> <span class='ocrx_word' id='word_1_42' title='bbox 335 649 478 704; x_wconf 79' lang='lat' dir='ltr'>aemulator</span> <span class='ocrx_word' id='word_1_43' title='bbox 491 659 558 717; x_wconf 79' lang='lat' dir='ltr'>erat3</span> <span class='ocrx_word' id='word_1_44' title='bbox 585 651 817 721; x_wconf 87' lang='lat' dir='ltr'>contendebatque,</span> <span class='ocrx_word' id='word_1_45' title='bbox 837 667 898 704; x_wconf 88' lang='lat' dir='ltr'>nea</span> 
     </span>
     <span class='ocr_line' id='line_1_8' title="bbox 92 724 898 796; baseline -0.002 -16"><span class='ocrx_word' id='word_1_46' title='bbox 92 724 175 780; x_wconf 84' lang='lat' dir='ltr'>rebus</span> <span class='ocrx_word' id='word_1_47' title='bbox 194 725 274 796; x_wconf 84' lang='lat' dir='ltr'>gestis</span> <span class='ocrx_word' id='word_1_48' title='bbox 290 724 347 778; x_wconf 90' lang='lat' dir='ltr'>eius</span> <span class='ocrx_word' id='word_1_49' title='bbox 360 731 384 777; x_wconf 88' lang='lat' dir='ltr'>et</span> <span class='ocrx_word' id='word_1_50' title='bbox 396 724 494 796; x_wconf 86' lang='lat' dir='ltr'>gloriae</span> <span class='ocrx_word' id='word_1_51' title='bbox 508 724 646 795; x_wconf 81' lang='lat' dir='ltr'>splendore</span> <span class='ocrx_word' id='word_1_52' title='bbox 659 724 801 789; x_wconf 88' lang='lat' dir='ltr'>decederet,</span> <span class='ocrx_word' id='word_1_53' title='bbox 832 743 898 778; x_wconf 79' lang='lat' dir='ltr'>neve</span> 
     </span>
     <span class='ocr_line' id='line_1_9' title="bbox 92 797 896 870; baseline -0.001 -18"><span class='ocrx_word' id='word_1_54' title='bbox 92 805 130 852; x_wconf 83' lang='lat' dir='ltr'>tot</span> <span class='ocrx_word' id='word_1_55' title='bbox 142 797 220 852; x_wconf 89' lang='lat' dir='ltr'>bellis</span> <span class='ocrx_word' id='word_1_56' title='bbox 230 815 259 851; x_wconf 91' lang='lat' dir='ltr'>ac</span> <span class='ocrx_word' id='word_1_57' title='bbox 269 798 363 852; x_wconf 89' lang='lat' dir='ltr'>seculis</span> <span class='ocrx_word' id='word_1_58' title='bbox 373 800 523 870; x_wconf 89' lang='lat' dir='ltr'>quaesitum</span> <span class='ocrx_word' id='word_1_59' title='bbox 532 799 673 868; x_wconf 88' lang='lat' dir='ltr'>imperium</span> <span class='ocrx_word' id='word_1_60' title='bbox 679 798 766 852; x_wconf 91' lang='lat' dir='ltr'>brevis</span> <span class='ocrx_word' id='word_1_61' title='bbox 772 801 896 854; x_wconf 85' lang='lat' dir='ltr'>momenti</span> 
     </span>
     <span class='ocr_line' id='line_1_10' title="bbox 92 871 897 944; baseline 0 -18"><span class='ocrx_word' id='word_1_62' title='bbox 92 871 173 944; x_wconf 83' lang='lat' dir='ltr'>eulpa</span> <span class='ocrx_word' id='word_1_63' title='bbox 192 873 361 926; x_wconf 88' lang='lat' dir='ltr'>subverteret.</span> <span class='ocrx_word' id='word_1_64' title='bbox 391 873 490 928; x_wconf 91' lang='lat' dir='ltr'>Eadem</span> <span class='ocrx_word' id='word_1_65' title='bbox 511 873 626 927; x_wconf 89' lang='lat' dir='ltr'>militum</span> <span class='ocrx_word' id='word_1_66' title='bbox 643 881 669 927; x_wconf 89' lang='lat' dir='ltr'>et</span> <span class='ocrx_word' id='word_1_67' title='bbox 682 874 804 927; x_wconf 89' lang='lat' dir='ltr'>omnium</span> <span class='ocrx_word' id='word_1_68' title='bbox 818 874 897 926; x_wconf 88' lang='lat' dir='ltr'>remi-</span> 
     </span>
     <span class='ocr_line' id='line_1_11' title="bbox 92 948 898 1019; baseline 0.001 -18"><span class='ocrx_word' id='word_1_69' title='bbox 92 965 161 1019; x_wconf 83' lang='lat' dir='ltr'>gum</span> <span class='ocrx_word' id='word_1_70' title='bbox 175 963 238 1000; x_wconf 91' lang='lat' dir='ltr'>cura</span> <span class='ocrx_word' id='word_1_71' title='bbox 255 955 320 1015; x_wconf 75' lang='lat' dir='ltr'>erat,</span> <span class='ocrx_word' id='word_1_72' title='bbox 342 965 409 1018; x_wconf 90' lang='lat' dir='ltr'>quos</span> <span class='ocrx_word' id='word_1_73' title='bbox 424 949 507 1002; x_wconf 90' lang='lat' dir='ltr'>maior</span> <span class='ocrx_word' id='word_1_74' title='bbox 520 948 668 1004; x_wconf 89' lang='lat' dir='ltr'>sollicitudo</span> <span class='ocrx_word' id='word_1_75' title='bbox 681 949 822 1012; x_wconf 85' lang='lat' dir='ltr'>cruciabat,</span> <span class='ocrx_word' id='word_1_76' title='bbox 844 965 898 1002; x_wconf 90' lang='lat' dir='ltr'>non</span> 
     </span>
     <span class='ocr_line' id='line_1_12' title="bbox 92 1022 898 1094; baseline 0.001 -19"><span class='ocrx_word' id='word_1_77' title='bbox 92 1031 159 1086; x_wconf 81' lang='lat' dir='ltr'>tam,</span> <span class='ocrx_word' id='word_1_78' title='bbox 174 1039 206 1074; x_wconf 90' lang='lat' dir='ltr'>ne</span> <span class='ocrx_word' id='word_1_79' title='bbox 221 1022 272 1092; x_wconf 89' lang='lat' dir='ltr'>ipsi</span> <span class='ocrx_word' id='word_1_80' title='bbox 282 1023 413 1094; x_wconf 88' lang='lat' dir='ltr'>quaesitas</span> <span class='ocrx_word' id='word_1_81' title='bbox 422 1040 484 1094; x_wconf 89' lang='lat' dir='ltr'>opes</span> <span class='ocrx_word' id='word_1_82' title='bbox 495 1025 649 1088; x_wconf 89' lang='lat' dir='ltr'>amitterent,</span> <span class='ocrx_word' id='word_1_83' title='bbox 662 1041 752 1094; x_wconf 89' lang='lat' dir='ltr'>quarn,</span> <span class='ocrx_word' id='word_1_84' title='bbox 766 1041 798 1077; x_wconf 90' lang='lat' dir='ltr'>ne</span> <span class='ocrx_word' id='word_1_85' title='bbox 808 1023 898 1093; x_wconf 90' lang='lat' dir='ltr'>pristi-</span> 
     </span>
     <span class='ocr_line' id='line_1_13' title="bbox 92 1095 897 1169; baseline -0.001 -17"><span class='ocrx_word' id='word_1_86' title='bbox 92 1115 144 1152; x_wconf 85' lang='lat' dir='ltr'>nas</span> <span class='ocrx_word' id='word_1_87' title='bbox 153 1095 326 1150; x_wconf 77' lang='lat' dir='ltr'><strong>Athenienses</strong></span> <span class='ocrx_word' id='word_1_88' title='bbox 336 1097 485 1168; x_wconf 81' lang='lat' dir='ltr'>reciperent.</span> <span class='ocrx_word' id='word_1_89' title='bbox 506 1096 557 1152; x_wconf 91' lang='lat' dir='ltr'>Sed</span> <span class='ocrx_word' id='word_1_90' title='bbox 566 1105 665 1169; x_wconf 89' lang='lat' dir='ltr'>quanto</span> <span class='ocrx_word' id='word_1_91' title='bbox 674 1097 897 1169; x_wconf 86' lang='lat' dir='ltr'>maiusproelium</span> 
     </span>
     <span class='ocr_line' id='line_1_14' title="bbox 93 1171 897 1233; baseline 0.001 -8"><span class='ocrx_word' id='word_1_92' title='bbox 93 1171 154 1233; x_wconf 81' lang='lat' dir='ltr'>fuir,</span> <span class='ocrx_word' id='word_1_93' title='bbox 168 1178 238 1224; x_wconf 90' lang='lat' dir='ltr'>tanto</span> <span class='ocrx_word' id='word_1_94' title='bbox 247 1179 271 1225; x_wconf 87' lang='lat' dir='ltr'>et</span> <span class='ocrx_word' id='word_1_95' title='bbox 280 1171 373 1226; x_wconf 90' lang='lat' dir='ltr'>clarior</span> <span class='ocrx_word' id='word_1_96' title='bbox 384 1172 489 1227; x_wconf 83' lang='lat' dir='ltr'>victoria</span> <span class='ocrx_word' id='word_1_97' title='bbox 500 1172 623 1227; x_wconf 89' lang='lat' dir='ltr'>Cononis.</span> <span class='ocrx_word' id='word_1_98' title='bbox 645 1173 711 1228; x_wconf 89' lang='lat' dir='ltr'>Victi</span> <span class='ocrx_word' id='word_1_99' title='bbox 725 1173 897 1226; x_wconf 87' lang='lat' dir='ltr'>Lacedaemo·</span> 
     </span>
     <span class='ocr_line' id='line_1_15' title="bbox 92 1244 898 1317; baseline 0 -17"><span class='ocrx_word' id='word_1_100' title='bbox 92 1245 133 1300; x_wconf 87' lang='lat' dir='ltr'>nii</span> <span class='ocrx_word' id='word_1_101' title='bbox 147 1244 238 1317; x_wconf 82' lang='lat' dir='ltr'>lugam</span> <span class='ocrx_word' id='word_1_102' title='bbox 254 1254 405 1316; x_wconf 89' lang='lat' dir='ltr'>capessunt;</span> <span class='ocrx_word' id='word_1_103' title='bbox 426 1247 555 1317; x_wconf 87' lang='lat' dir='ltr'>praesidia</span> <span class='ocrx_word' id='word_1_104' title='bbox 565 1247 681 1302; x_wconf 86' lang='lat' dir='ltr'>hostium</span> <span class='ocrx_word' id='word_1_105' title='bbox 690 1247 800 1302; x_wconf 83' lang='lat' dir='ltr'>Athenis</span> <span class='ocrx_word' id='word_1_106' title='bbox 813 1247 898 1300; x_wconf 88' lang='lat' dir='ltr'>dedu-</span> 
     </span>
     <span class='ocr_line' id='line_1_16' title="bbox 91 1320 898 1394; baseline 0 -20"><span class='ocrx_word' id='word_1_107' title='bbox 91 1327 206 1386; x_wconf 74' lang='lat' dir='ltr'>cuntur,</span> <span class='ocrx_word' id='word_1_108' title='bbox 214 1320 311 1391; x_wconf 90' lang='lat' dir='ltr'>populo</span> <span class='ocrx_word' id='word_1_109' title='bbox 319 1321 435 1374; x_wconf 86' lang='lat' dir='ltr'>restituta</span> <span class='ocrx_word' id='word_1_110' title='bbox 445 1321 570 1394; x_wconf 81' lang='lat' dir='ltr'>dignitate</span> <span class='ocrx_word' id='word_1_111' title='bbox 579 1321 693 1376; x_wconf 86' lang='lat' dir='ltr'>conditio</span> <span class='ocrx_word' id='word_1_112' title='bbox 703 1321 807 1376; x_wconf 89' lang='lat' dir='ltr'>servilis</span> <span class='ocrx_word' id='word_1_113' title='bbox 818 1322 898 1392; x_wconf 89' lang='lat' dir='ltr'>eripi-</span> 
     </span>
     <span class='ocr_line' id='line_1_17' title="bbox 91 1395 692 1467; baseline 0.003 -19"><span class='ocrx_word' id='word_1_114' title='bbox 91 1404 152 1462; x_wconf 78' lang='lat' dir='ltr'>tur;</span> <span class='ocrx_word' id='word_1_115' title='bbox 175 1395 272 1448; x_wconf 89' lang='lat' dir='ltr'>multae</span> <span class='ocrx_word' id='word_1_116' title='bbox 282 1413 388 1466; x_wconf 90' lang='lat' dir='ltr'>quoque</span> <span class='ocrx_word' id='word_1_117' title='bbox 398 1395 514 1450; x_wconf 89' lang='lat' dir='ltr'>civitates</span> <span class='ocrx_word' id='word_1_118' title='bbox 523 1397 692 1467; x_wconf 87' lang='lat' dir='ltr'>recipiuntur.</span> 
     </span>
    </p>

    <p class='ocr_par' dir='ltr' id='par_1_3' title="bbox 91 1469 899 2288">
     <span class='ocr_line' id='line_1_18' title="bbox 151 1469 898 1525; baseline -0.003 -1"><span class='ocrx_word' id='word_1_119' title='bbox 151 1469 218 1524; x_wconf 76' lang='lat' dir='ltr'>Car.</span> <span class='ocrx_word' id='word_1_120' title='bbox 239 1470 282 1525; x_wconf 89' lang='lat' dir='ltr'>IV.</span> <span class='ocrx_word' id='word_1_121' title='bbox 303 1471 357 1524; x_wconf 89' lang='lat' dir='ltr'>Hoc</span> <span class='ocrx_word' id='word_1_122' title='bbox 375 1471 482 1524; x_wconf 88' lang='lat' dir='ltr'>initium</span> <span class='ocrx_word' id='word_1_123' title='bbox 502 1470 708 1525; x_wconf 81' lang='lat' dir='ltr'>Atheniensibus</span> <span class='ocrx_word' id='word_1_124' title='bbox 725 1469 898 1524; x_wconf 86' lang='lat' dir='ltr'>resumendae</span> 
     </span>
     <span class='ocr_line' id='line_1_19' title="bbox 91 1543 898 1617; baseline -0.002 -20"><span class='ocrx_word' id='word_1_125' title='bbox 91 1545 233 1617; x_wconf 88' lang='lat' dir='ltr'>potentiae,</span> <span class='ocrx_word' id='word_1_126' title='bbox 251 1551 276 1598; x_wconf 90' lang='lat' dir='ltr'>et</span> <span class='ocrx_word' id='word_1_127' title='bbox 288 1545 498 1599; x_wconf 83' lang='lat' dir='ltr'>Lacedaemoniis</span> <span class='ocrx_word' id='word_1_128' title='bbox 511 1545 646 1600; x_wconf 89' lang='lat' dir='ltr'>habendae</span> <span class='ocrx_word' id='word_1_129' title='bbox 657 1544 717 1597; x_wconf 83' lang='lat' dir='ltr'>finis</span> <span class='ocrx_word' id='word_1_130' title='bbox 727 1543 786 1596; x_wconf 90' lang='lat' dir='ltr'>fuit.</span> <span class='ocrx_word' id='word_1_131' title='bbox 817 1545 898 1596; x_wconf 89' lang='lat' dir='ltr'>Nam·</span> 
     </span>
     <span class='ocr_line' id='line_1_20' title="bbox 92 1617 895 1691; baseline -0.004 -18"><span class='ocrx_word' id='word_1_132' title='bbox 92 1638 157 1691; x_wconf 82' lang='lat' dir='ltr'>que,</span> <span class='ocrx_word' id='word_1_133' title='bbox 183 1619 255 1673; x_wconf 86' lang='lat' dir='ltr'>velut</span> <span class='ocrx_word' id='word_1_134' title='bbox 273 1636 333 1672; x_wconf 92' lang='lat' dir='ltr'>cum</span> <span class='ocrx_word' id='word_1_135' title='bbox 356 1620 466 1690; x_wconf 92' lang='lat' dir='ltr'>imperio</span> <span class='ocrx_word' id='word_1_136' title='bbox 479 1619 555 1674; x_wconf 89' lang='lat' dir='ltr'>etiam</span> <span class='ocrx_word' id='word_1_137' title='bbox 572 1620 696 1673; x_wconf 86' lang='lat' dir='ltr'>virtutem</span> <span class='ocrx_word' id='word_1_138' title='bbox 711 1617 895 1688; x_wconf 76' lang='lat' dir='ltr'>perdidissent,</span> 
     </span>
     <span class='ocr_line' id='line_1_21' title="bbox 91 1692 898 1766; baseline -0.007 -18"><span class='ocrx_word' id='word_1_139' title='bbox 91 1693 228 1748; x_wconf 85' lang='lat' dir='ltr'>contemni</span> <span class='ocrx_word' id='word_1_140' title='bbox 242 1694 386 1748; x_wconf 74' lang='lat' dir='ltr'>adnitimis</span> <span class='ocrx_word' id='word_1_141' title='bbox 396 1712 511 1766; x_wconf 87' lang='lat' dir='ltr'>coepere.</span> <span class='ocrx_word' id='word_1_142' title='bbox 526 1694 608 1747; x_wconf 88' lang='lat' dir='ltr'>Primi</span> <span class='ocrx_word' id='word_1_143' title='bbox 618 1692 699 1766; x_wconf 84' lang='lat' dir='ltr'>igitur</span> <span class='ocrx_word' id='word_1_144' title='bbox 709 1693 836 1757; x_wconf 88' lang='lat' dir='ltr'>Thebani,</span> <span class='ocrx_word' id='word_1_145' title='bbox 850 1711 898 1747; x_wconf 89' lang='lat' dir='ltr'>au.-</span> 
     </span>
     <span class='ocr_line' id='line_1_22' title="bbox 92 1766 898 1843; baseline -0.001 -20"><span class='ocrx_word' id='word_1_146' title='bbox 92 1769 252 1843; x_wconf 83' lang='lat' dir='ltr'>xiliantibus</span> <span class='ocrx_word' id='word_1_147' title='bbox 271 1766 484 1834; x_wconf 82' lang='lat' dir='ltr'>Atheniensibus,</span> <span class='ocrx_word' id='word_1_148' title='bbox 505 1768 606 1824; x_wconf 89' lang='lat' dir='ltr'>bellurn</span> <span class='ocrx_word' id='word_1_149' title='bbox 627 1769 670 1822; x_wconf 92' lang='lat' dir='ltr'>bis</span> <span class='ocrx_word' id='word_1_150' title='bbox 684 1767 898 1840; x_wconf 75' lang='lat' dir='ltr'>intulerat-quae</span> 
     </span>
     <span class='ocr_line' id='line_1_23' title="bbox 92 1843 898 1915; baseline 0 -18"><span class='ocrx_word' id='word_1_151' title='bbox 92 1845 188 1897; x_wconf 85' lang='lat' dir='ltr'>civitas</span> <span class='ocrx_word' id='word_1_152' title='bbox 208 1861 241 1897; x_wconf 82' lang='lat' dir='ltr'>ex</span> <span class='ocrx_word' id='word_1_153' title='bbox 254 1843 368 1898; x_wconf 87' lang='lat' dir='ltr'>infirmis</span> <span class='ocrx_word' id='word_1_154' title='bbox 389 1845 567 1908; x_wconf 67' lang='lat' dir='ltr'>incrementis</span> <span class='ocrx_word' id='word_1_155' title='bbox 588 1843 684 1898; x_wconf 84' lang='lat' dir='ltr'>virtute</span> <span class='ocrx_word' id='word_1_156' title='bbox 699 1843 898 1915; x_wconf 88' lang='lat' dir='ltr'>Epaminondae</span> 
     </span>
     <span class='ocr_line' id='line_1_24' title="bbox 92 1917 898 1990; baseline -0.001 -17"><span class='ocrx_word' id='word_1_157' title='bbox 92 1918 180 1982; x_wconf 88' lang='lat' dir='ltr'>ducis,</span> <span class='ocrx_word' id='word_1_158' title='bbox 198 1917 231 1972; x_wconf 90' lang='lat' dir='ltr'>ad</span> <span class='ocrx_word' id='word_1_159' title='bbox 245 1935 318 1988; x_wconf 90' lang='lat' dir='ltr'>spem</span> <span class='ocrx_word' id='word_1_160' title='bbox 334 1919 437 1990; x_wconf 91' lang='lat' dir='ltr'>imperii</span> <span class='ocrx_word' id='word_1_161' title='bbox 453 1919 574 1974; x_wconf 88' lang='lat' dir='ltr'>Graeciae</span> <span class='ocrx_word' id='word_1_162' title='bbox 588 1927 723 1973; x_wconf 87' lang='lat' dir='ltr'>erectaest.</span> <span class='ocrx_word' id='word_1_163' title='bbox 758 1919 800 1972; x_wconf 84' lang='lat' dir='ltr'>Fit</span> <span class='ocrx_word' id='word_1_164' title='bbox 810 1919 898 1990; x_wconf 88' lang='lat' dir='ltr'>itaque</span> 
     </span>
     <span class='ocr_line' id='line_1_25' title="bbox 94 1993 894 2063; baseline 0.001 -17"><span class='ocrx_word' id='word_1_165' title='bbox 94 2000 217 2048; x_wconf 86' lang='lat' dir='ltr'>terrestre</span> <span class='ocrx_word' id='word_1_166' title='bbox 235 1993 374 2063; x_wconf 85' lang='lat' dir='ltr'>proelium,</span> <span class='ocrx_word' id='word_1_167' title='bbox 392 1993 484 2048; x_wconf 89' lang='lat' dir='ltr'>eadem</span> <span class='ocrx_word' id='word_1_168' title='bbox 501 1993 766 2048; x_wconf 79' lang='lat' dir='ltr'>Lacedaemoniorum</span> <span class='ocrx_word' id='word_1_169' title='bbox 781 1993 894 2058; x_wconf 85' lang='lat' dir='ltr'>fortuna,</span> 
     </span>
     <span class='ocr_line' id='line_1_26' title="bbox 92 2067 896 2140; baseline -0.002 -18"><span class='ocrx_word' id='word_1_170' title='bbox 92 2087 147 2140; x_wconf 91' lang='lat' dir='ltr'>qua</span> <span class='ocrx_word' id='word_1_171' title='bbox 164 2076 311 2140; x_wconf 77' lang='lat' dir='ltr'>pugnaturn</span> <span class='ocrx_word' id='word_1_172' title='bbox 327 2067 453 2122; x_wconf 88' lang='lat' dir='ltr'>adversus</span> <span class='ocrx_word' id='word_1_173' title='bbox 469 2068 676 2138; x_wconf 31' lang='lat' dir='ltr'>Conona-navali</span> <span class='ocrx_word' id='word_1_174' title='bbox 691 2067 788 2138; x_wconf 92' lang='lat' dir='ltr'>proelio</span> <span class='ocrx_word' id='word_1_175' title='bbox 802 2067 896 2120; x_wconf 83' lang='lat' dir='ltr'>luerat.</span> 
     </span>
     <span class='ocr_line' id='line_1_27' title="bbox 92 2141 899 2216; baseline -0.004 -18"><span class='ocrx_word' id='word_1_176' title='bbox 92 2146 124 2198; x_wconf 90' lang='lat' dir='ltr'>ln</span> <span class='ocrx_word' id='word_1_177' title='bbox 142 2159 174 2196; x_wconf 90' lang='lat' dir='ltr'>eo</span> <span class='ocrx_word' id='word_1_178' title='bbox 184 2142 252 2197; x_wconf 90' lang='lat' dir='ltr'>bello</span> <span class='ocrx_word' id='word_1_179' title='bbox 266 2143 409 2216; x_wconf 83' lang='lat' dir='ltr'>Lysander,</span> <span class='ocrx_word' id='word_1_180' title='bbox 427 2161 481 2215; x_wconf 92' lang='lat' dir='ltr'>quo</span> <span class='ocrx_word' id='word_1_181' title='bbox 491 2143 557 2198; x_wconf 88' lang='lat' dir='ltr'>duce</span> <span class='ocrx_word' id='word_1_182' title='bbox 567 2143 738 2198; x_wconf 87' lang='lat' dir='ltr'>Athenienses</span> <span class='ocrx_word' id='word_1_183' title='bbox 749 2141 813 2195; x_wconf 89' lang='lat' dir='ltr'>victi</span> <span class='ocrx_word' id='word_1_184' title='bbox 823 2159 838 2194; x_wconf 92' lang='lat' dir='ltr'>a</span> <span class='ocrx_word' id='word_1_185' title='bbox 848 2142 899 2195; x_wconf 77' lang='lat' dir='ltr'>La-</span> 
     </span>
     <span class='ocr_line' id='line_1_28' title="bbox 91 2216 895 2288; baseline -0.001 -17"><span class='ocrx_word' id='word_1_186' title='bbox 91 2217 271 2271; x_wconf 88' lang='lat' dir='ltr'>cedaemoniis</span> <span class='ocrx_word' id='word_1_187' title='bbox 296 2217 407 2282; x_wconf 79' lang='lat' dir='ltr'>fuerant,</span> <span class='ocrx_word' id='word_1_188' title='bbox 429 2218 592 2272; x_wconf 85' lang='lat' dir='ltr'>interficitur.</span> <span class='ocrx_word' id='word_1_189' title='bbox 622 2216 765 2271; x_wconf 86' lang='lat' dir='ltr'>Pausanias</span> <span class='ocrx_word' id='word_1_190' title='bbox 779 2233 895 2288; x_wconf 88' lang='lat' dir='ltr'>quoque,</span> 
     </span>
    </p>
   </div>
   <div class='ocr_carea' id='block_1_3' title="bbox 12 2291 898 2363">
    <p class='ocr_par' dir='ltr' id='par_1_4' title="bbox 12 2291 898 2363">
     <span class='ocr_line' id='line_1_29' title="bbox 12 2291 898 2363; baseline -0.003 -13"><span class='ocrx_word' id='word_1_191' title='bbox 12 2337 13 2350; x_wconf 46' lang='lat' dir='ltr'>t</span> <span class='ocrx_word' id='word_1_192' title='bbox 93 2292 160 2346; x_wconf 88' lang='lat' dir='ltr'>alter</span> <span class='ocrx_word' id='word_1_193' title='bbox 175 2291 231 2346; x_wconf 85' lang='lat' dir='ltr'>dux</span> <span class='ocrx_word' id='word_1_194' title='bbox 247 2291 521 2357; x_wconf 89' lang='lat' dir='ltr'>Lacedaemoniorum,</span> <span class='ocrx_word' id='word_1_195' title='bbox 538 2292 694 2363; x_wconf 88' lang='lat' dir='ltr'>proditionis</span> <span class='ocrx_word' id='word_1_196' title='bbox 709 2298 854 2356; x_wconf 84' lang='lat' dir='ltr'>accusatus,</span> <span class='ocrx_word' id='word_1_197' title='bbox 868 2292 898 2347; x_wconf 89' lang='lat' dir='ltr'>in</span> 
     </span>
    </p>
   </div>
   <div class='ocr_carea' id='block_1_4' title="bbox 91 2365 901 2440">
    <p class='ocr_par' dir='ltr' id='par_1_5' title="bbox 91 2365 901 2440">
     <span class='ocr_line' id='line_1_30' title="bbox 91 2365 901 2440; baseline -0.001 -19"><span class='ocrx_word' id='word_1_198' title='bbox 91 2365 221 2421; x_wconf 86' lang='lat' dir='ltr'>exsilium</span> <span class='ocrx_word' id='word_1_199' title='bbox 236 2366 319 2420; x_wconf 81' lang='lat' dir='ltr'>abiit</span> <span class='ocrx_word' id='word_1_200' title='bbox 341 2367 425 2440; x_wconf 85' lang='lat' dir='ltr'>Igitur</span> <span class='ocrx_word' id='word_1_201' title='bbox 441 2368 569 2432; x_wconf 87' lang='lat' dir='ltr'>Thebani,</span> <span class='ocrx_word' id='word_1_202' title='bbox 585 2367 659 2438; x_wconf 88' lang='lat' dir='ltr'>potiti</span> <span class='ocrx_word' id='word_1_203' title='bbox 674 2365 819 2429; x_wconf 88' lang='lat' dir='ltr'>victoriam,</span> <span class='ocrx_word' id='word_1_204' title='bbox 837 2369 901 2420; x_wconf 82' lang='lat' dir='ltr'>uni-</span> 
     </span>
    </p>
   </div>
   <div class='ocr_carea' id='block_1_5' title="bbox 94 2440 896 2500">
    <p class='ocr_par' dir='ltr' id='par_1_6' title="bbox 13 2440 896 2510">
     <span class='ocr_line' id='line_1_31' title="bbox 94 2440 896 2500; baseline -0.001 -8.092"><span class='ocrx_word' id='word_1_205' title='bbox 94 2458 203 2495; x_wconf 89' lang='lat' dir='ltr'>versum</span> <span class='ocrx_word' id='word_1_206' title='bbox 217 2441 362 2496; x_wconf 87' lang='lat' dir='ltr'>exercitum</span> <span class='ocrx_word' id='word_1_207' title='bbox 373 2441 405 2495; x_wconf 89' lang='lat' dir='ltr'>ad</span> <span class='ocrx_word' id='word_1_208' title='bbox 415 2440 896 2500; x_wconf 84' lang='lat' dir='ltr'>urbemLacedaemoniorumdueunt,</span> 
     </span>
    </p>
   </div>
   <div class='ocr_carea' id='block_1_6' title="bbox 68 2513 900 2664">
    <p class='ocr_par' dir='ltr' id='par_1_7' title="bbox 68 2513 900 2664">
     <span class='ocr_line' id='line_1_32' title="bbox 68 2513 899 2595; baseline -0.012 -25"><span class='ocrx_word' id='word_1_209' title='bbox 68 2515 199 2595; x_wconf 45' lang='lat' dir='ltr'>,facilem</span> <span class='ocrx_word' id='word_1_210' title='bbox 219 2517 440 2588; x_wconf 81' lang='lat' dir='ltr'>expugnationem</span> <span class='ocrx_word' id='word_1_211' title='bbox 462 2517 524 2581; x_wconf 88' lang='lat' dir='ltr'>rati,</span> <span class='ocrx_word' id='word_1_212' title='bbox 540 2517 665 2587; x_wconf 91' lang='lat' dir='ltr'>quoniam</span> <span class='ocrx_word' id='word_1_213' title='bbox 686 2514 780 2568; x_wconf 86' lang='lat' dir='ltr'>deserti</span> <span class='ocrx_word' id='word_1_214' title='bbox 794 2531 808 2565; x_wconf 92' lang='lat' dir='ltr'>a</span> <span class='ocrx_word' id='word_1_215' title='bbox 821 2513 899 2563; x_wconf 89' lang='lat' dir='ltr'>sociis</span> 
     </span>
     <span class='ocr_line' id='line_1_33' title="bbox 91 2585 900 2664; baseline -0.012 -20"><span class='ocrx_word' id='word_1_216' title='bbox 91 2590 221 2644; x_wconf 87' lang='lat' dir='ltr'>omnibus</span> <span class='ocrx_word' id='word_1_217' title='bbox 236 2599 323 2645; x_wconf 87' lang='lat' dir='ltr'>erant:</span> <span class='ocrx_word' id='word_1_218' title='bbox 344 2591 416 2664; x_wconf 91' lang='lat' dir='ltr'>quod</span> <span class='ocrx_word' id='word_1_219' title='bbox 432 2597 575 2645; x_wconf 88' lang='lat' dir='ltr'>metuentes</span> <span class='ocrx_word' id='word_1_220' title='bbox 589 2585 797 2647; x_wconf 89' lang='lat' dir='ltr'>Lacedaemonii,</span> <span class='ocrx_word' id='word_1_221' title='bbox 810 2596 900 2650; x_wconf 80' lang='lat' dir='ltr'>regem</span> 
     </span>
    </p>
   </div>
   <div class='ocr_carea' id='block_1_7' title="bbox 89 2653 887 2740">
    <p class='ocr_par' dir='ltr' id='par_1_8' title="bbox 89 2653 887 2740">
     <span class='ocr_line' id='line_1_34' title="bbox 89 2653 887 2740; baseline -0.021 -20"><span class='ocrx_word' id='word_1_222' title='bbox 89 2683 176 2721; x_wconf 83' lang='lat' dir='ltr'>suum</span> <span class='ocrx_word' id='word_1_223' title='bbox 191 2665 345 2740; x_wconf 77' lang='lat' dir='ltr'>AgesiLaum</span> <span class='ocrx_word' id='word_1_224' title='bbox 359 2684 393 2722; x_wconf 85' lang='lat' dir='ltr'>ex</span> <span class='ocrx_word' id='word_1_225' title='bbox 405 2664 477 2731; x_wconf 88' lang='lat' dir='ltr'>Asia,</span> <span class='ocrx_word' id='word_1_226' title='bbox 493 2665 542 2738; x_wconf 90' lang='lat' dir='ltr'>qui</span> <span class='ocrx_word' id='word_1_227' title='bbox 556 2664 594 2718; x_wconf 90' lang='lat' dir='ltr'>ibi</span> <span class='ocrx_word' id='word_1_228' title='bbox 606 2679 717 2736; x_wconf 80' lang='lat' dir='ltr'>magnas</span> <span class='ocrx_word' id='word_1_229' title='bbox 731 2676 773 2712; x_wconf 86' lang='lat' dir='ltr'>res</span> <span class='ocrx_word' id='word_1_230' title='bbox 783 2653 887 2725; x_wconf 73' lang='lat' dir='ltr'>gerebat</span> 
     </span>
    </p>
   </div>
   <div class='ocr_carea' id='block_1_8' title="bbox 0 0 1018 3010">
    <p class='ocr_par' dir='ltr' id='par_1_9' title="bbox 0 0 1018 3010">
     <span class='ocr_line' id='line_1_35' title="bbox 0 0 1018 3010; baseline 0 0"><span class='ocrx_word' id='word_1_231' title='bbox 0 0 1018 3010; x_wconf 95' lang='lat' dir='ltr'> </span> 
     </span>
    </p>
   </div>
  </div>
 </body>
</html>
