<?xml version="1.0" encoding="UTF-8"?>
<!DOCTYPE html PUBLIC "-//W3C//DTD XHTML 1.0 Transitional//EN"
    "http://www.w3.org/TR/xhtml1/DTD/xhtml1-transitional.dtd">
<html xmlns="http://www.w3.org/1999/xhtml" xml:lang="en" lang="en">
 <head>
  <title>
</title>
<meta http-equiv="Content-Type" content="text/html;charset=utf-8" />
  <meta name='ocr-system' content='tesseract 3.04.00' />
  <meta name='ocr-capabilities' content='ocr_page ocr_carea ocr_par ocr_line ocrx_word'/>
</head>
<body>
  <div class='ocr_page' id='page_1' title='image "./justinihistoria00justgoog_0246.png"; bbox 0 0 2044 3028; ppageno 0'>
   <div class='ocr_carea' id='block_1_1' title="bbox 298 195 911 250">
    <p class='ocr_par' dir='ltr' id='par_1_1' title="bbox 298 163 1014 264">
     <span class='ocr_line' id='line_1_1' title="bbox 298 195 911 250; baseline 0.01 -8"><span class='ocrx_word' id='word_1_1' title='bbox 298 199 518 244; x_wconf 70' lang='lat' dir='ltr'>crsfflvn.</span> <span class='ocrx_word' id='word_1_2' title='bbox 550 200 721 246; x_wconf 68' lang='lat' dir='ltr'>canas</span> <span class='ocrx_word' id='word_1_3' title='bbox 861 195 911 250; x_wconf 75' lang='lat'>233</span> 
     </span>
    </p>
   </div>
   <div class='ocr_carea' id='block_1_2' title="bbox 109 297 1014 522">
    <p class='ocr_par' dir='ltr' id='par_1_2' title="bbox 109 297 1014 522">
     <span class='ocr_line' id='line_1_2' title="bbox 109 297 913 372; baseline 0.001 -21"><span class='ocrx_word' id='word_1_4' title='bbox 109 297 234 370; x_wconf 79' lang='lat' dir='ltr'>gionibus</span> <span class='ocrx_word' id='word_1_5' title='bbox 247 298 414 368; x_wconf 89' lang='lat' dir='ltr'>pernoctabat</span> <span class='ocrx_word' id='word_1_6' title='bbox 429 299 528 372; x_wconf 83' lang='lat' dir='ltr'>ignaris</span> <span class='ocrx_word' id='word_1_7' title='bbox 540 300 674 364; x_wconf 90' lang='lat' dir='ltr'>omnibus,</span> <span class='ocrx_word' id='word_1_8' title='bbox 688 299 787 372; x_wconf 92' lang='lat' dir='ltr'>quibus</span> <span class='ocrx_word' id='word_1_9' title='bbox 797 307 864 355; x_wconf 89' lang='lat' dir='ltr'>esset</span> <span class='ocrx_word' id='word_1_10' title='bbox 874 299 913 353; x_wconf 92' lang='lat' dir='ltr'>lo-</span> 
     </span>
     <span class='ocr_line' id='line_1_3' title="bbox 110 371 1014 448; baseline 0.002 -22"><span class='ocrx_word' id='word_1_11' title='bbox 110 374 160 438; x_wconf 83' lang='lat' dir='ltr'>cis3</span> <span class='ocrx_word' id='word_1_12' title='bbox 183 371 308 427; x_wconf 87' lang='lat' dir='ltr'>adsuetus</span> <span class='ocrx_word' id='word_1_13' title='bbox 323 373 390 427; x_wconf 88' lang='lat' dir='ltr'>feras</span> <span class='ocrx_word' id='word_1_14' title='bbox 400 390 480 428; x_wconf 89' lang='lat' dir='ltr'>cursu</span> <span class='ocrx_word' id='word_1_15' title='bbox 491 383 536 428; x_wconf 91' lang='lat' dir='ltr'>aut</span> <span class='ocrx_word' id='word_1_16' title='bbox 551 373 641 448; x_wconf 81' lang='lat' dir='ltr'>fugere</span> <span class='ocrx_word' id='word_1_17' title='bbox 652 382 696 429; x_wconf 93' lang='lat' dir='ltr'>aut</span> <span class='ocrx_word' id='word_1_18' title='bbox 706 374 837 445; x_wconf 81' lang='lat' dir='ltr'>persequi,</span> <span class='ocrx_word' id='word_1_19' title='bbox 850 390 912 428; x_wconf 91' lang='lat' dir='ltr'>cum</span> <span class='ocrx_word' id='word_1_20' title='bbox 1013 433 1014 436; x_wconf 44' lang='lat'>,</span> 
     </span>
     <span class='ocr_line' id='line_1_4' title="bbox 110 446 914 522; baseline 0.002 -22"><span class='ocrx_word' id='word_1_21' title='bbox 110 446 271 516; x_wconf 86' lang='lat' dir='ltr'>quibusdam</span> <span class='ocrx_word' id='word_1_22' title='bbox 287 448 365 502; x_wconf 90' lang='lat' dir='ltr'>etiam</span> <span class='ocrx_word' id='word_1_23' title='bbox 385 448 486 502; x_wconf 90' lang='lat' dir='ltr'>viribus</span> <span class='ocrx_word' id='word_1_24' title='bbox 505 449 638 522; x_wconf 75' lang='lat' dir='ltr'>congredi.</span> <span class='ocrx_word' id='word_1_25' title='bbox 671 449 775 514; x_wconf 86' lang='lat' dir='ltr'><strong>Quibus</strong></span> <span class='ocrx_word' id='word_1_26' title='bbox 794 449 874 502; x_wconf 88' lang='lat' dir='ltr'>rebus</span> <span class='ocrx_word' id='word_1_27' title='bbox 887 456 914 502; x_wconf 87' lang='lat' dir='ltr'>ct</span> 
     </span>
    </p>
   </div>
   <div class='ocr_carea' id='block_1_3' title="bbox 108 521 952 1266">
    <p class='ocr_par' dir='ltr' id='par_1_3' title="bbox 109 521 911 649">
     <span class='ocr_line' id='line_1_5' title="bbox 109 521 911 648; baseline 0.002 -74"><span class='ocrx_word' id='word_1_28' title='bbox 109 521 220 648; x_wconf 54' lang='lat' dir='ltr'>{insidias</span> <span class='ocrx_word' id='word_1_29' title='bbox 234 522 326 586; x_wconf 87' lang='lat' dir='ltr'>vitavit</span> <span class='ocrx_word' id='word_1_30' title='bbox 339 531 364 576; x_wconf 90' lang='lat' dir='ltr'>et</span> <span class='ocrx_word' id='word_1_31' title='bbox 376 539 471 594; x_wconf 88' lang='lat' dir='ltr'>corpus</span> <span class='ocrx_word' id='word_1_32' title='bbox 485 523 518 576; x_wconf 92' lang='lat' dir='ltr'>ad</span> <span class='ocrx_word' id='word_1_33' title='bbox 530 540 636 578; x_wconf 88' lang='lat' dir='ltr'>omnem</span> <span class='ocrx_word' id='word_1_34' title='bbox 648 523 750 578; x_wconf 86' lang='lat' dir='ltr'>virtutis</span> <span class='ocrx_word' id='word_1_35' title='bbox 759 523 911 594; x_wconf 90' lang='lat' dir='ltr'>patientiam</span> 
     </span>
     <span class='ocr_line' id='line_1_6' title="bbox 128 595 224 649; baseline -0.01 0"><span class='ocrx_word' id='word_1_36' title='bbox 128 595 224 649; x_wconf 88' lang='lat' dir='ltr'>uravit.</span> 
     </span>
    </p>

    <p class='ocr_par' dir='ltr' id='par_1_4' title="bbox 108 669 952 1266">
     <span class='ocr_line' id='line_1_7' title="bbox 165 669 911 742; baseline 0 -18"><span class='ocrx_word' id='word_1_37' title='bbox 165 669 233 724; x_wconf 74' lang='lat' dir='ltr'>Car.</span> <span class='ocrx_word' id='word_1_38' title='bbox 255 671 298 725; x_wconf 89' lang='lat'><em>111.</em></span> <span class='ocrx_word' id='word_1_39' title='bbox 319 669 360 725; x_wconf 78' lang='lat' dir='ltr'>dd</span> <span class='ocrx_word' id='word_1_40' title='bbox 373 670 448 742; x_wconf 86' lang='lat' dir='ltr'>regni</span> <span class='ocrx_word' id='word_1_41' title='bbox 458 669 553 724; x_wconf 89' lang='lat' dir='ltr'>deinde</span> <span class='ocrx_word' id='word_1_42' title='bbox 562 671 815 726; x_wconf 89' lang='lat' dir='ltr'>administrationem</span> <span class='ocrx_word' id='word_1_43' title='bbox 826 689 911 742; x_wconf 91' lang='lat' dir='ltr'>quum</span> 
     </span>
     <span class='ocr_line' id='line_1_8' title="bbox 110 743 913 818; baseline 0.002 -20"><span class='ocrx_word' id='word_1_44' title='bbox 110 745 268 808; x_wconf 83' lang='lat' dir='ltr'>accessisset,</span> <span class='ocrx_word' id='word_1_45' title='bbox 284 745 373 805; x_wconf 86' lang='lat' dir='ltr'>statim</span> <span class='ocrx_word' id='word_1_46' title='bbox 386 761 439 799; x_wconf 93' lang='lat' dir='ltr'>non</span> <span class='ocrx_word' id='word_1_47' title='bbox 453 743 485 798; x_wconf 89' lang='lat' dir='ltr'>de</span> <span class='ocrx_word' id='word_1_48' title='bbox 499 745 621 817; x_wconf 82' lang='lat' dir='ltr'>regend0,</span> <span class='ocrx_word' id='word_1_49' title='bbox 634 745 681 802; x_wconf 91' lang='lat' dir='ltr'>sed</span> <span class='ocrx_word' id='word_1_50' title='bbox 694 746 726 800; x_wconf 90' lang='lat' dir='ltr'>de</span> <span class='ocrx_word' id='word_1_51' title='bbox 736 745 857 818; x_wconf 86' lang='lat' dir='ltr'>augendo</span> <span class='ocrx_word' id='word_1_52' title='bbox 872 763 913 800; x_wconf 91' lang='lat' dir='ltr'>re-</span> 
     </span>
     <span class='ocr_line' id='line_1_9' title="bbox 109 817 913 892; baseline 0.002 -20"><span class='ocrx_word' id='word_1_53' title='bbox 109 835 163 892; x_wconf 76' lang='lat' dir='ltr'>gno</span> <span class='ocrx_word' id='word_1_54' title='bbox 176 819 309 892; x_wconf 83' lang='lat' dir='ltr'>cogitavit.</span> <span class='ocrx_word' id='word_1_55' title='bbox 339 819 430 890; x_wconf 89' lang='lat' dir='ltr'>ltaque</span> <span class='ocrx_word' id='word_1_56' title='bbox 443 817 555 892; x_wconf 88' lang='lat' dir='ltr'>Scythas</span> <span class='ocrx_word' id='word_1_57' title='bbox 571 819 683 874; x_wconf 90' lang='lat' dir='ltr'>invictos</span> <span class='ocrx_word' id='word_1_58' title='bbox 702 827 785 884; x_wconf 88' lang='lat' dir='ltr'>antea,</span> <span class='ocrx_word' id='word_1_59' title='bbox 802 821 849 892; x_wconf 90' lang='lat' dir='ltr'>qui</span> <span class='ocrx_word' id='word_1_60' title='bbox 865 821 913 874; x_wconf 93' lang='lat' dir='ltr'>Zo-</span> 
     </span>
     <span class='ocr_line' id='line_1_10' title="bbox 108 892 912 968; baseline 0.001 -22"><span class='ocrx_word' id='word_1_61' title='bbox 108 892 230 966; x_wconf 79' lang='lat' dir='ltr'>pyriona,</span> <span class='ocrx_word' id='word_1_62' title='bbox 250 892 393 947; x_wconf 80' lang='lat' dir='ltr'>Alexandri</span> <span class='ocrx_word' id='word_1_63' title='bbox 408 894 498 966; x_wconf 79' lang='lat' dir='ltr'>Magni</span> <span class='ocrx_word' id='word_1_64' title='bbox 513 894 617 958; x_wconf 89' lang='lat' dir='ltr'>ducem,</span> <span class='ocrx_word' id='word_1_65' title='bbox 632 911 693 948; x_wconf 90' lang='lat' dir='ltr'>cum</span> <span class='ocrx_word' id='word_1_66' title='bbox 712 895 818 968; x_wconf 83' lang='lat' dir='ltr'>triginta</span> <span class='ocrx_word' id='word_1_67' title='bbox 831 893 912 947; x_wconf 88' lang='lat' dir='ltr'>milli-</span> 
     </span>
     <span class='ocr_line' id='line_1_11' title="bbox 108 967 913 1042; baseline 0.004 -21"><span class='ocrx_word' id='word_1_68' title='bbox 108 968 161 1021; x_wconf 89' lang='lat' dir='ltr'>bus</span> <span class='ocrx_word' id='word_1_69' title='bbox 174 975 334 1022; x_wconf 88' lang='lat' dir='ltr'>armatorum</span> <span class='ocrx_word' id='word_1_70' title='bbox 349 967 511 1036; x_wconf 74' lang='lat' dir='ltr'>deleverant,</span> <span class='ocrx_word' id='word_1_71' title='bbox 534 970 582 1040; x_wconf 91' lang='lat' dir='ltr'>qui</span> <span class='ocrx_word' id='word_1_72' title='bbox 595 969 705 1042; x_wconf 84' lang='lat' dir='ltr'>Cyrum,</span> <span class='ocrx_word' id='word_1_73' title='bbox 723 971 861 1023; x_wconf 81' lang='lat' dir='ltr'>Persarum</span> <span class='ocrx_word' id='word_1_74' title='bbox 871 986 913 1024; x_wconf 88' lang='lat' dir='ltr'>re-</span> 
     </span>
     <span class='ocr_line' id='line_1_12' title="bbox 108 1041 952 1115; baseline 0.001 -20"><span class='ocrx_word' id='word_1_75' title='bbox 108 1059 179 1114; x_wconf 82' lang='lat' dir='ltr'>gem,</span> <span class='ocrx_word' id='word_1_76' title='bbox 192 1059 253 1095; x_wconf 90' lang='lat' dir='ltr'>cum</span> <span class='ocrx_word' id='word_1_77' title='bbox 263 1041 383 1096; x_wconf 89' lang='lat' dir='ltr'>ducentis</span> <span class='ocrx_word' id='word_1_78' title='bbox 396 1043 516 1098; x_wconf 82' lang='lat' dir='ltr'>millibus</span> <span class='ocrx_word' id='word_1_79' title='bbox 522 1043 732 1112; x_wconf 80' lang='lat' dir='ltr'>trucidaverant3</span> <span class='ocrx_word' id='word_1_80' title='bbox 754 1043 801 1115; x_wconf 93' lang='lat' dir='ltr'>qui</span> <span class='ocrx_word' id='word_1_81' title='bbox 812 1043 914 1115; x_wconf 88' lang='lat' dir='ltr'>Phiiip-</span> <span class='ocrx_word' id='word_1_82' title='bbox 950 1051 952 1055; x_wconf 84' lang='lat'>&#39;</span> 
     </span>
     <span class='ocr_line' id='line_1_13' title="bbox 108 1116 915 1192; baseline 0.002 -22"><span class='ocrx_word' id='word_1_83' title='bbox 108 1133 185 1188; x_wconf 90' lang='lat' dir='ltr'>pom,</span> <span class='ocrx_word' id='word_1_84' title='bbox 197 1116 369 1171; x_wconf 79' lang='lat' dir='ltr'>Macedonum</span> <span class='ocrx_word' id='word_1_85' title='bbox 381 1135 479 1192; x_wconf 78' lang='lat' dir='ltr'>regem,</span> <span class='ocrx_word' id='word_1_86' title='bbox 491 1117 658 1190; x_wconf 71' lang='lat' dir='ltr'>fugaverant,</span> <span class='ocrx_word' id='word_1_87' title='bbox 681 1119 782 1192; x_wconf 77' lang='lat' dir='ltr'>ingenti</span> <span class='ocrx_word' id='word_1_88' title='bbox 792 1117 915 1172; x_wconf 86' lang='lat' dir='ltr'>felicitate</span> 
     </span>
     <span class='ocr_line' id='line_1_14' title="bbox 108 1190 916 1266; baseline 0.004 -22"><span class='ocrx_word' id='word_1_89' title='bbox 108 1191 267 1263; x_wconf 77' lang='lat' dir='ltr'>perdomuit.</span> <span class='ocrx_word' id='word_1_90' title='bbox 296 1190 397 1246; x_wconf 75' lang='lat' dir='ltr'>ductus</span> <span class='ocrx_word' id='word_1_91' title='bbox 420 1193 501 1266; x_wconf 83' lang='lat' dir='ltr'>igitur</span> <span class='ocrx_word' id='word_1_92' title='bbox 515 1193 619 1248; x_wconf 84' lang='lat' dir='ltr'>viribus</span> <span class='ocrx_word' id='word_1_93' title='bbox 628 1195 741 1248; x_wconf 88' lang='lat' dir='ltr'>Pontum</span> <span class='ocrx_word' id='word_1_94' title='bbox 761 1209 867 1266; x_wconf 88' lang='lat' dir='ltr'>quoque</span> <span class='ocrx_word' id='word_1_95' title='bbox 884 1209 916 1248; x_wconf 91' lang='lat' dir='ltr'>ac</span> 
     </span>
    </p>
   </div>
   <div class='ocr_carea' id='block_1_4' title="bbox 109 1265 1014 1338">
    <p class='ocr_par' dir='ltr' id='par_1_5' title="bbox 109 1265 1014 1338">
     <span class='ocr_line' id='line_1_15' title="bbox 109 1265 1014 1338; baseline 0.007 -18"><span class='ocrx_word' id='word_1_96' title='bbox 109 1265 233 1338; x_wconf 89' lang='lat' dir='ltr'>deinceps</span> <span class='ocrx_word' id='word_1_97' title='bbox 252 1267 443 1338; x_wconf 81' lang='lat' dir='ltr'>Cappadociam</span> <span class='ocrx_word' id='word_1_98' title='bbox 456 1268 602 1338; x_wconf 88' lang='lat' dir='ltr'>occupavit.</span> <span class='ocrx_word' id='word_1_99' title='bbox 633 1268 722 1334; x_wconf 88' lang='lat' dir='ltr'>Quum</span> <span class='ocrx_word' id='word_1_100' title='bbox 737 1268 769 1323; x_wconf 94' lang='lat' dir='ltr'>de</span> <span class='ocrx_word' id='word_1_101' title='bbox 785 1268 848 1322; x_wconf 83' lang='lat' dir='ltr'>Asia</span> <span class='ocrx_word' id='word_1_102' title='bbox 863 1276 915 1322; x_wconf 83' lang='lat' dir='ltr'>tra·</span> <span class='ocrx_word' id='word_1_103' title='bbox 1013 1323 1014 1326; x_wconf 74' lang='grc'>,</span> 
     </span>
    </p>
   </div>
   <div class='ocr_carea' id='block_1_5' title="bbox 106 1341 942 2760">
    <p class='ocr_par' dir='ltr' id='par_1_6' title="bbox 106 1341 942 2377">
     <span class='ocr_line' id='line_1_16' title="bbox 109 1341 913 1416; baseline 0 -20"><span class='ocrx_word' id='word_1_104' title='bbox 109 1349 199 1407; x_wconf 87' lang='lat' dir='ltr'>ctaret,</span> <span class='ocrx_word' id='word_1_105' title='bbox 210 1341 305 1396; x_wconf 89' lang='lat' dir='ltr'>tacitus</span> <span class='ocrx_word' id='word_1_106' title='bbox 320 1359 382 1396; x_wconf 90' lang='lat' dir='ltr'>cum</span> <span class='ocrx_word' id='word_1_107' title='bbox 400 1342 563 1414; x_wconf 89' lang='lat' dir='ltr'>quibusdam</span> <span class='ocrx_word' id='word_1_108' title='bbox 579 1343 670 1397; x_wconf 89' lang='lat' dir='ltr'>amieis</span> <span class='ocrx_word' id='word_1_109' title='bbox 688 1360 769 1416; x_wconf 83' lang='lat' dir='ltr'>regno</span> <span class='ocrx_word' id='word_1_110' title='bbox 782 1342 913 1414; x_wconf 87' lang='lat' dir='ltr'>proiectus</span> 
     </span>
     <span class='ocr_line' id='line_1_17' title="bbox 109 1416 916 1490; baseline 0 -19"><span class='ocrx_word' id='word_1_111' title='bbox 109 1416 264 1471; x_wconf 90' lang='lat' dir='ltr'>universam</span> <span class='ocrx_word' id='word_1_112' title='bbox 280 1417 386 1472; x_wconf 87' lang='lat' dir='ltr'>nemine</span> <span class='ocrx_word' id='word_1_113' title='bbox 405 1417 502 1471; x_wconf 88' lang='lat' dir='ltr'>sciente</span> <span class='ocrx_word' id='word_1_114' title='bbox 515 1427 674 1490; x_wconf 86' lang='lat' dir='ltr'>pervagatus</span> <span class='ocrx_word' id='word_1_115' title='bbox 687 1426 725 1472; x_wconf 89' lang='lat' dir='ltr'>est</span> <span class='ocrx_word' id='word_1_116' title='bbox 739 1419 916 1490; x_wconf 90' lang='lat' dir='ltr'>omniumque</span> 
     </span>
     <span class='ocr_line' id='line_1_18' title="bbox 109 1491 914 1565; baseline -0.002 -19"><span class='ocrx_word' id='word_1_117' title='bbox 109 1491 220 1546; x_wconf 90' lang='lat' dir='ltr'>urbium</span> <span class='ocrx_word' id='word_1_118' title='bbox 231 1491 313 1546; x_wconf 91' lang='lat' dir='ltr'>situm</span> <span class='ocrx_word' id='word_1_119' title='bbox 324 1509 354 1546; x_wconf 90' lang='lat' dir='ltr'>ac</span> <span class='ocrx_word' id='word_1_120' title='bbox 366 1491 486 1564; x_wconf 79' lang='lat' dir='ltr'>regiones</span> <span class='ocrx_word' id='word_1_121' title='bbox 496 1493 625 1565; x_wconf 79' lang='lat' dir='ltr'>cognovit.</span> <span class='ocrx_word' id='word_1_122' title='bbox 646 1493 710 1546; x_wconf 89' lang='lat' dir='ltr'>Inde</span> <span class='ocrx_word' id='word_1_123' title='bbox 723 1493 749 1546; x_wconf 89' lang='lat' dir='ltr'>in</span> <span class='ocrx_word' id='word_1_124' title='bbox 761 1491 914 1565; x_wconf 78' lang='lat' dir='ltr'>Bithyniam</span> 
     </span>
     <span class='ocr_line' id='line_1_19' title="bbox 109 1566 917 1639; baseline -0.002 -17"><span class='ocrx_word' id='word_1_125' title='bbox 109 1566 917 1639; x_wconf 75' lang='lat' dir='ltr'>transcendit,et,quasidominusAsiae,opportunaquaeque</span> 
     </span>
     <span class='ocr_line' id='line_1_20' title="bbox 109 1641 942 1714; baseline -0.002 -18"><span class='ocrx_word' id='word_1_126' title='bbox 109 1641 234 1697; x_wconf 82' lang='lat' dir='ltr'>victoriae</span> <span class='ocrx_word' id='word_1_127' title='bbox 242 1659 306 1696; x_wconf 89' lang='lat' dir='ltr'>suae</span> <span class='ocrx_word' id='word_1_128' title='bbox 315 1649 427 1696; x_wconf 88' lang='lat' dir='ltr'>metatus</span> <span class='ocrx_word' id='word_1_129' title='bbox 439 1649 485 1696; x_wconf 85' lang='lat' dir='ltr'>est.</span> <span class='ocrx_word' id='word_1_130' title='bbox 512 1643 573 1696; x_wconf 90' lang='lat' dir='ltr'>Post</span> <span class='ocrx_word' id='word_1_131' title='bbox 582 1642 646 1696; x_wconf 90' lang='lat' dir='ltr'>haec</span> <span class='ocrx_word' id='word_1_132' title='bbox 656 1643 683 1695; x_wconf 91' lang='lat' dir='ltr'>in</span> <span class='ocrx_word' id='word_1_133' title='bbox 693 1657 815 1714; x_wconf 79' lang='lat' dir='ltr'>regnum,</span> <span class='ocrx_word' id='word_1_134' title='bbox 828 1658 914 1712; x_wconf 88' lang='lat' dir='ltr'>quum</span> <span class='ocrx_word' id='word_1_135' title='bbox 938 1688 942 1694; x_wconf 93' lang='lat'>.</span> 
     </span>
     <span class='ocr_line' id='line_1_21' title="bbox 109 1714 918 1788; baseline -0.001 -18"><span class='ocrx_word' id='word_1_136' title='bbox 109 1717 165 1770; x_wconf 89' lang='lat' dir='ltr'>iam</span> <span class='ocrx_word' id='word_1_137' title='bbox 184 1716 283 1788; x_wconf 90' lang='lat' dir='ltr'>perisse</span> <span class='ocrx_word' id='word_1_138' title='bbox 302 1715 459 1780; x_wconf 86' lang='lat' dir='ltr'>crederetur,</span> <span class='ocrx_word' id='word_1_139' title='bbox 480 1733 601 1770; x_wconf 88' lang='lat' dir='ltr'>reversus</span> <span class='ocrx_word' id='word_1_140' title='bbox 616 1724 663 1779; x_wconf 87' lang='lat' dir='ltr'>est,</span> <span class='ocrx_word' id='word_1_141' title='bbox 680 1715 786 1770; x_wconf 85' lang='lat' dir='ltr'>invento</span> <span class='ocrx_word' id='word_1_142' title='bbox 803 1714 918 1786; x_wconf 91' lang='lat' dir='ltr'>parvulo</span> 
     </span>
     <span class='ocr_line' id='line_1_22' title="bbox 109 1790 917 1863; baseline -0.001 -18"><span class='ocrx_word' id='word_1_143' title='bbox 109 1791 175 1855; x_wconf 89' lang='lat' dir='ltr'>filio,</span> <span class='ocrx_word' id='word_1_144' title='bbox 194 1807 274 1863; x_wconf 91' lang='lat' dir='ltr'>quem</span> <span class='ocrx_word' id='word_1_145' title='bbox 291 1807 337 1862; x_wconf 90' lang='lat' dir='ltr'>per</span> <span class='ocrx_word' id='word_1_146' title='bbox 355 1790 500 1845; x_wconf 84' lang='lat' dir='ltr'>absentiam</span> <span class='ocrx_word' id='word_1_147' title='bbox 513 1792 570 1846; x_wconf 88' lang='lat' dir='ltr'>eius</span> <span class='ocrx_word' id='word_1_148' title='bbox 584 1791 699 1845; x_wconf 88' lang='lat' dir='ltr'>Laudice</span> <span class='ocrx_word' id='word_1_149' title='bbox 712 1807 784 1844; x_wconf 89' lang='lat' dir='ltr'>soror</span> <span class='ocrx_word' id='word_1_150' title='bbox 794 1807 917 1861; x_wconf 85' lang='lat' dir='ltr'>uxorque</span> 
     </span>
     <span class='ocr_line' id='line_1_23' title="bbox 109 1863 914 1938; baseline -0.002 -18"><span class='ocrx_word' id='word_1_151' title='bbox 109 1864 190 1920; x_wconf 84' lang='lat' dir='ltr'>enixa</span> <span class='ocrx_word' id='word_1_152' title='bbox 212 1863 302 1920; x_wconf 81' lang='lat' dir='ltr'>fuerat.</span> <span class='ocrx_word' id='word_1_153' title='bbox 341 1865 394 1920; x_wconf 88' lang='lat' dir='ltr'>Sed</span> <span class='ocrx_word' id='word_1_154' title='bbox 413 1866 481 1919; x_wconf 87' lang='lat' dir='ltr'>inter</span> <span class='ocrx_word' id='word_1_155' title='bbox 498 1865 699 1938; x_wconf 79' lang='lat' dir='ltr'>gratulationem</span> <span class='ocrx_word' id='word_1_156' title='bbox 722 1865 852 1920; x_wconf 89' lang='lat' dir='ltr'>adventus</span> <span class='ocrx_word' id='word_1_157' title='bbox 871 1865 914 1920; x_wconf 87' lang='lat' dir='ltr'>sui</span> 
     </span>
     <span class='ocr_line' id='line_1_24' title="bbox 108 1939 917 2013; baseline -0.001 -18"><span class='ocrx_word' id='word_1_158' title='bbox 108 1949 135 1995; x_wconf 87' lang='lat' dir='ltr'>et</span> <span class='ocrx_word' id='word_1_159' title='bbox 145 1939 195 1994; x_wconf 87' lang='lat' dir='ltr'>filii</span> <span class='ocrx_word' id='word_1_160' title='bbox 204 1939 296 2013; x_wconf 78' lang='lat' dir='ltr'>geniti,</span> <span class='ocrx_word' id='word_1_161' title='bbox 311 1957 411 1995; x_wconf 91' lang='lat' dir='ltr'>veneno</span> <span class='ocrx_word' id='word_1_162' title='bbox 419 1941 579 2011; x_wconf 86' lang='lat' dir='ltr'>periclitatus</span> <span class='ocrx_word' id='word_1_163' title='bbox 588 1948 639 1995; x_wconf 90' lang='lat' dir='ltr'>est:</span> <span class='ocrx_word' id='word_1_164' title='bbox 655 1939 787 2011; x_wconf 88' lang='lat' dir='ltr'>siquidem</span> <span class='ocrx_word' id='word_1_165' title='bbox 800 1939 917 1994; x_wconf 90' lang='lat' dir='ltr'>Laudice</span> 
     </span>
     <span class='ocr_line' id='line_1_25' title="bbox 107 2013 915 2086; baseline -0.005 -14"><span class='ocrx_word' id='word_1_166' title='bbox 107 2032 193 2078; x_wconf 79' lang='lat' dir='ltr'>soror,</span> <span class='ocrx_word' id='word_1_167' title='bbox 210 2032 294 2086; x_wconf 91' lang='lat' dir='ltr'>quum</span> <span class='ocrx_word' id='word_1_168' title='bbox 308 2016 407 2086; x_wconf 90' lang='lat' dir='ltr'>perisse</span> <span class='ocrx_word' id='word_1_169' title='bbox 424 2032 485 2069; x_wconf 88' lang='lat' dir='ltr'>eum</span> <span class='ocrx_word' id='word_1_170' title='bbox 499 2015 621 2079; x_wconf 88' lang='lat' dir='ltr'>crederet,</span> <span class='ocrx_word' id='word_1_171' title='bbox 639 2015 666 2069; x_wconf 91' lang='lat' dir='ltr'>in</span> <span class='ocrx_word' id='word_1_172' title='bbox 683 2014 838 2069; x_wconf 87' lang='lat' dir='ltr'>concubitus</span> <span class='ocrx_word' id='word_1_173' title='bbox 848 2013 915 2068; x_wconf 89' lang='lat' dir='ltr'>ami-</span> 
     </span>
     <span class='ocr_line' id='line_1_26' title="bbox 106 2087 917 2161; baseline -0.002 -16"><span class='ocrx_word' id='word_1_174' title='bbox 106 2106 203 2145; x_wconf 90' lang='lat' dir='ltr'>corum</span> <span class='ocrx_word' id='word_1_175' title='bbox 213 2088 333 2160; x_wconf 88' lang='lat' dir='ltr'>proiecta,</span> <span class='ocrx_word' id='word_1_176' title='bbox 346 2089 423 2161; x_wconf 89' lang='lat' dir='ltr'>quasi</span> <span class='ocrx_word' id='word_1_177' title='bbox 435 2091 582 2144; x_wconf 90' lang='lat' dir='ltr'>admissum</span> <span class='ocrx_word' id='word_1_178' title='bbox 598 2089 699 2144; x_wconf 83' lang='lat' dir='ltr'>facinus</span> <span class='ocrx_word' id='word_1_179' title='bbox 710 2090 807 2144; x_wconf 87' lang='lat' dir='ltr'>maiore</span> <span class='ocrx_word' id='word_1_180' title='bbox 819 2087 917 2143; x_wconf 88' lang='lat' dir='ltr'>scelere</span> 
     </span>
     <span class='ocr_line' id='line_1_27' title="bbox 107 2161 915 2240; baseline 0 -23"><span class='ocrx_word' id='word_1_181' title='bbox 107 2173 198 2240; x_wconf 82' lang='lat' dir='ltr'>tegere</span> <span class='ocrx_word' id='word_1_182' title='bbox 207 2169 302 2234; x_wconf 85' lang='lat' dir='ltr'>posset,</span> <span class='ocrx_word' id='word_1_183' title='bbox 310 2181 442 2218; x_wconf 87' lang='lat' dir='ltr'>venenum</span> <span class='ocrx_word' id='word_1_184' title='bbox 453 2163 601 2220; x_wconf 90' lang='lat' dir='ltr'>advenienti</span> <span class='ocrx_word' id='word_1_185' title='bbox 612 2166 723 2235; x_wconf 86' lang='lat' dir='ltr'>paravit.</span> <span class='ocrx_word' id='word_1_186' title='bbox 744 2161 915 2235; x_wconf 82' lang='lat' dir='ltr'>Quodquum</span> 
     </span>
     <span class='ocr_line' id='line_1_28' title="bbox 106 2237 917 2312; baseline 0 -18"><span class='ocrx_word' id='word_1_187' title='bbox 106 2255 143 2294; x_wconf 85' lang='lat' dir='ltr'>cx</span> <span class='ocrx_word' id='word_1_188' title='bbox 158 2237 253 2293; x_wconf 87' lang='lat' dir='ltr'>ancilla</span> <span class='ocrx_word' id='word_1_189' title='bbox 267 2237 430 2293; x_wconf 79' lang='lat' dir='ltr'>Mithridates</span> <span class='ocrx_word' id='word_1_190' title='bbox 448 2240 621 2312; x_wconf 82' lang='lat' dir='ltr'>cognovisset,</span> <span class='ocrx_word' id='word_1_191' title='bbox 637 2237 741 2294; x_wconf 83' lang='lat' dir='ltr'>facinus</span> <span class='ocrx_word' id='word_1_192' title='bbox 754 2237 783 2292; x_wconf 89' lang='lat' dir='ltr'>in</span> <span class='ocrx_word' id='word_1_193' title='bbox 799 2246 917 2294; x_wconf 81' lang='lat' dir='ltr'>auctores</span> 
     </span>
     <span class='ocr_line' id='line_1_29' title="bbox 107 2312 706 2377; baseline -0.003 -10"><span class='ocrx_word' id='word_1_194' title='bbox 107 2312 266 2368; x_wconf 81' lang='lat' dir='ltr'>vindicavit.</span> <span class='ocrx_word' id='word_1_195' title='bbox 641 2351 644 2358; x_wconf 74' lang='lat'>,</span> <span class='ocrx_word' id='word_1_196' title='bbox 703 2365 706 2377; x_wconf 74' lang='grc'>,</span> 
     </span>
    </p>

    <p class='ocr_par' dir='ltr' id='par_1_7' title="bbox 108 2387 918 2760">
     <span class='ocr_line' id='line_1_30' title="bbox 166 2387 915 2460; baseline -0.005 -16"><span class='ocrx_word' id='word_1_197' title='bbox 166 2387 232 2444; x_wconf 75' lang='lat' dir='ltr'>Cur.</span> <span class='ocrx_word' id='word_1_198' title='bbox 254 2387 297 2443; x_wconf 92' lang='lat' dir='ltr'>1v.</span> <span class='ocrx_word' id='word_1_199' title='bbox 317 2388 408 2444; x_wconf 89' lang='lat' dir='ltr'>Hieme</span> <span class='ocrx_word' id='word_1_200' title='bbox 420 2388 515 2444; x_wconf 84' lang='lat' dir='ltr'>deinde</span> <span class='ocrx_word' id='word_1_201' title='bbox 528 2396 662 2460; x_wconf 86' lang='lat' dir='ltr'>appetente</span> <span class='ocrx_word' id='word_1_202' title='bbox 677 2406 729 2444; x_wconf 92' lang='lat' dir='ltr'>non</span> <span class='ocrx_word' id='word_1_203' title='bbox 742 2388 771 2442; x_wconf 89' lang='lat' dir='ltr'>in</span> <span class='ocrx_word' id='word_1_204' title='bbox 782 2387 915 2451; x_wconf 88' lang='lat' dir='ltr'>convivio,</span> 
     </span>
     <span class='ocr_line' id='line_1_31' title="bbox 110 2461 917 2535; baseline -0.005 -18"><span class='ocrx_word' id='word_1_205' title='bbox 110 2461 160 2518; x_wconf 84' lang='lat' dir='ltr'>sed</span> <span class='ocrx_word' id='word_1_206' title='bbox 170 2463 197 2518; x_wconf 90' lang='lat' dir='ltr'>in</span> <span class='ocrx_word' id='word_1_207' title='bbox 207 2479 314 2535; x_wconf 89' lang='lat' dir='ltr'>camp0;</span> <span class='ocrx_word' id='word_1_208' title='bbox 336 2480 389 2518; x_wconf 91' lang='lat' dir='ltr'>non</span> <span class='ocrx_word' id='word_1_209' title='bbox 401 2465 429 2518; x_wconf 91' lang='lat' dir='ltr'>in</span> <span class='ocrx_word' id='word_1_210' title='bbox 444 2464 637 2528; x_wconf 87' lang='lat' dir='ltr'>vacationibus,</span> <span class='ocrx_word' id='word_1_211' title='bbox 654 2463 701 2518; x_wconf 87' lang='lat' dir='ltr'>sed</span> <span class='ocrx_word' id='word_1_212' title='bbox 714 2463 741 2517; x_wconf 89' lang='lat' dir='ltr'>in</span> <span class='ocrx_word' id='word_1_213' title='bbox 754 2461 917 2517; x_wconf 88' lang='lat' dir='ltr'>exercitatio-</span> 
     </span>
     <span class='ocr_line' id='line_1_32' title="bbox 108 2537 918 2609; baseline -0.007 -16"><span class='ocrx_word' id='word_1_214' title='bbox 108 2537 207 2605; x_wconf 84' lang='lat' dir='ltr'>nibus;</span> <span class='ocrx_word' id='word_1_215' title='bbox 229 2555 278 2592; x_wconf 89' lang='lat' dir='ltr'>neo</span> <span class='ocrx_word' id='word_1_216' title='bbox 289 2538 357 2594; x_wconf 85' lang='lat' dir='ltr'>inter</span> <span class='ocrx_word' id='word_1_217' title='bbox 366 2537 476 2604; x_wconf 87' lang='lat' dir='ltr'>sodales,</span> <span class='ocrx_word' id='word_1_218' title='bbox 489 2537 535 2593; x_wconf 89' lang='lat' dir='ltr'>sed</span> <span class='ocrx_word' id='word_1_219' title='bbox 549 2540 616 2593; x_wconf 86' lang='lat' dir='ltr'>inter</span> <span class='ocrx_word' id='word_1_220' title='bbox 625 2537 778 2609; x_wconf 89' lang='lat' dir='ltr'>coaequales</span> <span class='ocrx_word' id='word_1_221' title='bbox 790 2544 835 2590; x_wconf 88' lang='lat' dir='ltr'>aut</span> <span class='ocrx_word' id='word_1_222' title='bbox 847 2551 918 2604; x_wconf 90' lang='lat' dir='ltr'>equo</span> 
     </span>
     <span class='ocr_line' id='line_1_33' title="bbox 109 2611 917 2679; baseline -0.01 -11"><span class='ocrx_word' id='word_1_223' title='bbox 109 2620 159 2668; x_wconf 83' lang='lat' dir='ltr'>aut</span> <span class='ocrx_word' id='word_1_224' title='bbox 172 2627 253 2667; x_wconf 88' lang='lat' dir='ltr'>cursu</span> <span class='ocrx_word' id='word_1_225' title='bbox 267 2621 312 2667; x_wconf 86' lang='lat' dir='ltr'>aut</span> <span class='ocrx_word' id='word_1_226' title='bbox 324 2614 425 2668; x_wconf 88' lang='lat' dir='ltr'>viribus</span> <span class='ocrx_word' id='word_1_227' title='bbox 440 2613 618 2669; x_wconf 86' lang='lat' dir='ltr'>contendebat.</span> <span class='ocrx_word' id='word_1_228' title='bbox 647 2611 798 2668; x_wconf 85' lang='lat' dir='ltr'>Exercitum</span> <span class='ocrx_word' id='word_1_229' title='bbox 809 2623 917 2679; x_wconf 88' lang='lat' dir='ltr'>quoque</span> 
     </span>
     <span class='ocr_line' id='line_1_34' title="bbox 108 2681 918 2760; baseline -0.012 -18"><span class='ocrx_word' id='word_1_230' title='bbox 108 2704 194 2743; x_wconf 83' lang='lat' dir='ltr'>auum</span> <span class='ocrx_word' id='word_1_231' title='bbox 210 2686 243 2741; x_wconf 92' lang='lat' dir='ltr'>ad</span> <span class='ocrx_word' id='word_1_232' title='bbox 256 2705 346 2758; x_wconf 90' lang='lat' dir='ltr'>parem</span> <span class='ocrx_word' id='word_1_233' title='bbox 357 2688 453 2744; x_wconf 89' lang='lat' dir='ltr'>laboris</span> <span class='ocrx_word' id='word_1_234' title='bbox 463 2689 614 2760; x_wconf 89' lang='lat' dir='ltr'>patientiam</span> <span class='ocrx_word' id='word_1_235' title='bbox 625 2685 776 2760; x_wconf 90' lang='lat' dir='ltr'>quotidiana</span> <span class='ocrx_word' id='word_1_236' title='bbox 792 2681 918 2736; x_wconf 86' lang='lat' dir='ltr'>exercita·</span> 
     </span>
    </p>
   </div>
   <div class='ocr_carea' id='block_1_6' title="bbox 0 0 1031 3028">
    <p class='ocr_par' dir='ltr' id='par_1_8' title="bbox 0 0 1031 3028">
     <span class='ocr_line' id='line_1_35' title="bbox 0 0 1031 3028; baseline 0 0"><span class='ocrx_word' id='word_1_237' title='bbox 0 0 1031 3028; x_wconf 95' lang='lat' dir='ltr'> </span> 
     </span>
    </p>
   </div>
  </div>
 </body>
</html>
