2016 3028
147 148 206 219 ttax
380 169 530 215 rusr1u1
551 169 709 214 menon.

147 287 205 325 cum
219 271 341 323 ltontaots
354 273 422 332 belli,
443 287 535 340 cosque
552 273 618 340 forts
630 260 748 332 iactatos,
758 273 829 322 domi
842 271 955 338 {reples

145 360 206 399 esse.
236 343 305 398 Nam
319 348 398 411 prius
411 347 472 398 illos
485 347 548 398 urbe
561 347 766 413 quantopere,
778 347 857 410 prius
871 344 956 397 Itcltu

147 434 225 486 quom
230 422 376 485 provinciis
385 423 449 472 caut
456 435 546 486 pesae:
567 423 660 486 quippe
669 426 694 471 et
702 435 720 472 a
733 417 818 472 Gallis
829 427 923 486 captos
932 428 955 471 rt

145 509 164 545 c
177 509 204 545 aa
214 507 296 560 prope
310 496 405 548 deletos
418 510 486 562 esac;
506 509 587 561 acque
599 509 627 546 aa
637 508 760 560 umquam
769 495 868 546 victum
875 496 954 560 prius

146 583 225 634 quam
235 570 410 622 matisconam
420 573 537 622 cesserit:
554 583 659 622 reverso
670 565 853 635 Cartbaytrtem
863 572 954 622 stcttm

146 657 205 694 cum
215 643 270 696 loco
281 647 413 711 fortunam
426 645 486 696 betti
494 649 628 696 mctctcm.

202 715 273 770 Car.
289 716 333 771 Vl.
354 715 421 770 Huic
433 716 574 770 sententiae
591 715 773 771 obtrectatores
787 714 869 768 amici
882 715 952 788 regis

61 825 63 829 .
145 801 234 858 orant3
264 807 317 845 non
337 790 473 846 utilitatem
494 791 530 844 rai
549 790 700 862 cogitantes,
715 789 902 854 sedvcrentes,
920 805 953 844 nc

147 865 254 940 probato
264 865 373 919 consilio
384 866 441 919 eius
451 866 569 937 primum
580 864 651 936 apud
661 881 749 938 regem
758 862 952 936 locumgratiae

144 947 292 1011 occuparet.
313 941 346 994 Et
355 939 483 994 Antiocho
492 956 544 993 non
554 947 607 992 tam
618 938 759 994 consilium
768 955 851 1010 quam
862 945 952 996 auctor

146 1014 309 1086 displicebat,
327 1031 360 1068 ne
372 1014 455 1086 gloria
465 1014 588 1068 victoriae
602 1011 766 1077 Hannibalis,
784 1029 836 1067 non
850 1029 953 1068 sua*

145 1096 195 1143 set.
232 1088 328 1142 Omnia
348 1089 428 1160 igitur
443 1088 522 1142 variis
540 1087 733 1143 adsentantium
752 1086 951 1142 adulationibus

145 1163 393 1233 corrumpebantur:
427 1163 494 1217 nihil
514 1162 625 1218 consilio
640 1162 681 1216 vel
694 1163 793 1216 ratione
811 1162 949 1235 agebatrrr.

145 1237 202 1290 Rex
212 1237 268 1306 ipse
277 1253 323 1307 per
335 1235 450 1291 hiemem
460 1237 632 1292 inluxuriam
646 1236 735 1308 lapsus
746 1235 822 1292 novis
831 1235 952 1308 quotidie

145 1310 246 1381 nuptiis
256 1310 360 1365 deditus
371 1319 435 1366 erat.
466 1312 561 1367 Contra
576 1311 683 1375 Acilius,
699 1313 834 1366 Romanus
844 1310 949 1375 consul,

145 1385 194 1456 qui
207 1384 241 1439 ad
255 1385 305 1441 hcc
317 1385 417 1440 bollum
429 1386 602 1452 miserescunt,
617 1387 714 1458 copias,
729 1402 802 1440 arma
812 1393 951 1458 ceteraque

145 1459 214 1514 bello
225 1461 368 1516 necessaria
379 1479 484 1515 summa
496 1461 626 1515 industria
635 1460 757 1531 parabat;
778 1460 898 1516 civitates
908 1477 951 1516 sc-
999 1476 1000 1501 l

145 1535 199 1589 cias
208 1535 387 1598 confirmabat,
399 1535 494 1589 dubias
504 1534 640 1590 illiciebat:
654 1553 701 1590 nec
710 1533 778 1589 alius
788 1534 875 1590 exitus
886 1534 950 1590 belli
998 1552 999 1583 t

145 1627 228 1681 quam
248 1619 388 1681 apparatus
408 1609 547 1681 utriusque
566 1611 646 1681 partis
665 1609 722 1664 luit.
753 1611 845 1682 ltaque
862 1611 950 1681 prima
997 1644 998 1663 r

146 1683 208 1738 belli
219 1684 402 1756 congressione
412 1701 497 1756 quum
508 1684 626 1739 cedentes
636 1701 698 1739 suos
709 1701 755 1738 rex
764 1691 889 1749 cerneret,
896 1702 950 1739 non
996 1718 997 1743 r

145 1756 326 1813 laborantibus
342 1759 472 1814 auxilium
487 1758 560 1823 tulit,
576 1759 623 1814 sed
637 1757 800 1832 fugientibus
812 1758 950 1814 seducam
995 1791 996 1825 r

145 1831 266 1903 praebuit
285 1840 421 1905 castraque
442 1832 506 1888 ditia
528 1832 669 1888 victoribus
693 1832 809 1905 reliquit.
849 1833 950 1887 Deinde
994 1859 995 1906 p

145 1923 230 1977 quum
251 1906 279 1960 in
298 1904 388 1960 Asiam
408 1908 503 1978 praeda
525 1908 650 1963 Romanis
668 1908 801 1979 occupatis
823 1906 950 1980 fugiendo
992 1925 994 1986 p

145 1979 316 2052 pervenisset,
329 1982 458 2052 poenitere
468 1981 578 2056 neglecti
588 1981 795 2053 consiliiccepit3
816 1989 951 2036 revocato-

145 2071 198 2128 que
216 2055 244 2110 in
264 2055 407 2111 amicitiam
431 2056 576 2111 Hannibale
594 2058 682 2112 omnia
702 2074 736 2111 cx
750 2055 878 2111 sententia
891 2057 951 2112 eius

145 2147 232 2205 agere.
260 2130 366 2186 Interim
378 2130 949 2196 nrrntiaturAemilium‚1tomauumducem,

145 2221 208 2260 cum
221 2207 351 2280 octoginta
365 2207 481 2261 rostratis
496 2205 610 2260 navibus
626 2207 655 2261 in
670 2205 769 2261 bellum
780 2204 952 2263 navalease-

146 2286 211 2334 natu
221 2279 334 2336 missum
345 2281 497 2337 adventare:
513 2297 582 2352 quae
591 2297 631 2335 res
641 2280 681 2336 illi
691 2297 764 2353 spem
775 2281 951 2338 restituendae
977 2316 981 2333 .

146 2353 266 2409 icrtuuae
284 2355 362 2409 dedit.
393 2358 483 2428 ltaque
500 2355 658 2430 priusquam
676 2357 760 2412 sociae
778 2355 896 2410 civitates
916 2356 950 2410 ad

146 2426 248 2480 hostem
257 2427 405 2495 deficerent,
417 2430 555 2486 decernere
568 2430 656 2486 navali
669 2429 766 2502 proelio
779 2430 879 2495 statuit,
889 2447 951 2502 spe·

146 2515 208 2552 rans
227 2499 328 2554 cladem
348 2503 376 2555 in
396 2503 504 2558 Graecia
518 2513 647 2576 acceptam
668 2523 735 2560 nova
750 2519 827 2576 possa
839 2504 948 2560 victoria

145 2569 253 2654 aboleri.
276 2574 380 2627 Tradita
390 2575 472 2648 igitur
482 2577 623 2633 Hannibali
632 2577 723 2645 classo,
735 2579 949 2650 pmeliumccrn-

145 2649 268 2697 mrttrtur,
298 2644 349 2698 Sed
364 2663 412 2701 nec
422 2649 513 2706 Asiani
527 2651 623 2708 milites
634 2653 759 2710 Romanis
768 2670 855 2729 neque
867 2671 950 2712 naves
