2022 3010
332 185 405 230 LIB.
425 185 470 230 111.
492 185 570 230 CAP.
592 185 618 232 3.
844 181 877 233 35

77 282 136 339 inde
151 281 334 345 Athenienses
350 288 375 336 et
391 291 519 338 vetustate
533 285 618 356 gentis
629 293 653 339 et
663 285 744 357 gestis
755 285 834 340 rebus
844 286 879 339 il·

78 359 178 422 lustres
199 357 314 428 propriis
334 357 438 412 viribus
457 359 631 417 confidebant
660 361 748 430 Atque
770 361 805 414 ita
824 360 877 414 duo

77 431 482 504 potentissimiGraeciaepopuli,
491 433 877 518 institutisSclonisetLycurgi

79 507 178 580 legibus
189 523 274 582 pares,
287 523 320 560 ex
331 506 535 561 aemulatione
510 526 608 561 ιιιιιιιιιι
614 526 641 561 m
649 508 875 564 bellumruebant.

78 584 196 652 Namque
205 575 346 654 Lyeurgus
360 598 445 652 quum
456 581 528 636 fratri
541 600 589 636 suo
599 581 759 654 Polydectae,
772 583 877 654 Sparta-

77 673 170 710 norum
183 655 248 728 regi,
261 655 437 720 successisset,
450 673 496 710 reo
477 674 616 728 numque
626 657 677 710 srbr
688 657 821 711 vindicare
830 676 877 728 po·

79 731 174 793 luisset,
191 728 322 794 Charilao,
339 729 431 784 filio'
408 747 475 795 ems,
487 731 536 802 qui
546 738 624 784 natus
634 738 772 801 postumus
783 731 874 796 fueret,

78 821 160 876 quum
178 803 212 858 ad
228 812 336 858 aetatem
355 803 472 859 adultam
487 805 657 876 pervenisset,
675 822 788 877 regnum
802 823 877 859 surn-

76 897 118 934 ma
136 877 188 933 fide
206 879 332 933 restituit:
354 879 383 934 ut
405 879 580 952 intelligerent
594 896 694 945 omnes,
706 879 877 951 quantoplus

76 953 144 1024 apud
159 953 242 1008 bonos
256 953 358 1024 pietatis
372 954 440 1018 iura,
456 972 537 1026 quam
555 972 646 1009 omnes
663 971 735 1026 opes,
750 954 875 1010 valerent.

75 1027 160 1084 Medio
172 1027 254 1100 igitur
266 1035 390 1099 ternpore,
402 1029 468 1082 dum
478 1028 565 1083 infans
575 1029 739 1093 convalescit,
754 1029 877 1084 tutelam-

75 1120 135 1189 que·
145 1103 203 1156 eius
222 1102 395 1167 administrat,
413 1121 465 1157 non
480 1103 640 1158 habentibus
657 1103 791 1174 Spartanis
806 1104 876 1176 leges

75 1177 195 1242 institnit,
216 1194 267 1231 non
283 1178 434 1232 inventione
442 1195 533 1232 earum
544 1179 637 1263 magis,
653 1195 734 1250 quam
744 1178 874 1249 exemplo

74 1251 180 1306 clarior:
202 1251 338 1338 siqnidem
350 1251 418 1307 nihil
434 1251 490 1326 lege
504 1252 581 1307 ulla
573 1271 601 1306 ιιι
615 1252 680 1306 alios
690 1254 786 1318 sanxit,
799 1254 876 1307 onius

73 1344 127 1382 non
141 1327 198 1397 ipse
212 1327 316 1396 primus
330 1327 359 1380 in
376 1344 405 1380 se
418 1327 574 1381 documenta
588 1327 668 1380 deret.
695 1295 855 1414 ‘Populumf
847 1345 876 1382 ιιι

72 1401 370 1472 obsequiaprincipum,
382 1401 701 1473 principesadiustitiam
693 1403 875 1488 imperiorum,

71 1475 206 1530 formavit.
237 1476 428 1530 Parcirncniam
447 1477 572 1531 omnibus
593 1477 686 1540 suasit,
708 1477 874 1542 existimans,

72 1549 189 1604 laborem
205 1549 315 1604 militiae
327 1550 434 1605 assidue
446 1550 624 1637 frugalitatis
615 1517 803 1604 oonsbetudine
813 1549 923 1604 laci-

70 1624 165 1680 liorem
180 1621 241 1678 fore.
270 1625 331 1691 Ειιιί
346 1625 452 1698 singula
466 1624 650 1695 nonpecunia,
663 1623 710 1677 sed
724 1641 877 1695 compensa·
951 1629 1000 1658 Γ*

71 1700 142 1754 tione
161 1698 300 1764 mercium,
321 1699 408 1754 iussit
438 1700 504 1754 Auri
524 1699 679 1772 argentique
697 1716 787 1764 usum,
803 1698 876 1754 velut

71 1772 335 1830 omniumscelerum
348 1775 493 1838 materiam,
508 1773 625 1828 sustulit

126 1848 197 1904 Cae.
218 1849 262 1903 111.
282 1847 543 1904 Administrationem
562 1847 722 1919 reipublicae
740 1865 787 1920 per
805 1847 878 1903 ordi·

70 1941 118 1978 nes
135 1923 241 1978 divisit:
262 1924 370 1996 regrbus
380 1931 544 1995 postestatem
555 1923 695 1988 bellorum
717 1923 877 1997 magistrati-

67 1999 122 2054 bus
137 1997 237 2053 iudicia
246 2016 293 2069 per
306 2017 408 2053 annuas
418 1998 604 2063 successiones,
617 1999 720 2053 senatui
730 1998 876 2053 custodiam

67 2073 170 2148 legum,
193 2073 292 2159 populo
309 2073 466 2148 sublegendi
487 2081 617 2138 senatum,
633 2073 676 2130 vel
689 2073 793 2128 creandi
808 2089 876 2143 quos
999 2123 1000 2126 ,

68 2148 148 2204 vellet
163 2149 342 2221 magistratus,
354 2157 504 2220 potestatem
513 2148 641 2221 permisit
669 2148 778 2202 Fundos
788 2164 877 2202 omnr

66 2241 115 2278 um
132 2223 277 2295 aequaliter
291 2224 358 2278 inter
373 2242 464 2279 omnes
478 2225 577 2290 divisit,
592 2232 623 2278 ut
631 2230 741 2295 aequata
751 2221 877 2294 patrimo-

65 2299 112 2354 nia
128 2298 266 2353 neminem
280 2300 449 2370 potentiorem
465 2298 544 2354 altero
558 2299 704 2354 redderent.
727 2296 877 2354 .Convivari

10 2443 11 2448 Ἰ
66 2390 162 2428 omnes
182 2373 289 2444 publice
307 2375 393 2437 iussit,
411 2393 444 2430 ne
457 2375 534 2430 cuius
548 2374 656 2429 divitiae
670 2372 711 2429 vel
726 2371 833 2428 luxuria
846 2372 876 2425 in

65 2447 171 2504 occulto
181 2455 278 2502 essent
298 2449 444 2505 Iuvenibus
454 2467 507 2504 nou
517 2449 632 2520 amplius
644 2467 698 2504 une
708 2458 779 2505 veste
788 2448 827 2502 uti
838 2453 890 2511 to-

10 2528 176 2583 toanno
187 2523 315 2594 permrsrt
328 2543 376 2580 nec
384 2542 539 2598 quenquam
549 2523 655 2588 cultrus
666 2523 863 2611 quamalterum

64 2597 204 2672 progredi,
221 2615 270 2653 nec
285 2599 387 2672 epulan
397 2599 558 2671 opulentius
571 2617 604 2653 ne
614 2599 724 2654 rmrtatro
733 2617 761 2651 rn
772 2596 837 2664 luxu

64 2688 111 2728 am
132 2681 287 2730 verteretur.
318 2677 415 2732 Pueros
429 2675 543 2746 puberes
557 2691 611 2729 non
626 2674 655 2727 in
674 2672 770 2734 forum,
788 2680 826 2720 sc<

660 2762 709 2817 02
