2022 3010
355 158 427 203 Lus,
445 159 490 202 ιιι.
513 161 595 233 cur.
618 149 641 204 1.
866 157 900 206 33

94 257 181 312 mium
196 273 259 310 cum
268 255 357 311 Xerxe
366 259 499 342 nuptiasr
483 258 583 312 filiae
560 277 617 312 erus
627 261 775 345 paciscitur,
791 259 900 314 redditis

93 331 216 404 captivis,
234 339 264 386 ut
279 332 344 386 fides
358 333 428 404 regis
444 331 533 403 aliquo
548 334 898 407 beneficioohstringeretur.

93 405 192 462 Scribit
203 413 335 478 praeterea
349 407 441 477 Xerxi,
454 425 618 477 quoscunque
627 415 662 463 ad
671 414 900 464 renuatiosmisie-

92 490 142 545 eet,
158 485 323 550 interficeret,
335 499 366 534 ne
375 497 418 536 res
429 485 585 550 loquacitate
597 488 727 537 hominum
734 489 898 552 proderetur.

95 555 148 611 Sed
162 555 219 611 dux
231 555 433 610 Atheniensium
449 557 586 620 Aristides,
601 558 663 611 belli
677 559 773 620 socius
785 558 899 630 collegae

94 631 233 684 conatibus
243 630 349 684 obviam
360 630 456 696 eundo,
472 631 553 685 simul
564 640 589 685 et
599 632 626 686 in
639 650 694 686 rem
704 633 901 702 sapientercon-

94 704 217 769 suleudo,
231 704 387 776 proditionis
401 706 510 760 consilia
521 706 655 760 discussit.
685 708 738 760 Nec
749 707 832 761 multo
843 715 901 777 post

94 787 233 834 accusatus
253 780 395 834 Pausanias
409 781 560 835 damnatur.
591 781 674 853 Igitur
687 781 797 844 Xerxes
814 799 901 852 quum

94 853 252 940 proditionis
262 853 353 908 dolum
363 855 528 926 publicatum
540 855 638 910 videret
642 855 900 928 ,exintegrobellum
922 858 924 860 ’

94 928 220 982 instituit.
251 927 343 982 Graeci
357 947 464 1000 quoque
482 930 576 984 ducem
591 931 752 984 constituunt
763 931 899 984 Cimonem

93 1003 292 1067 Atheniensem,
310 1003 396 1058 lilium
406 1004 541 1069 Miltiadis,
553 1023 607 1076 quo
617 1005 683 1058 duce
693 1004 902 1075 apudlllaretho·

94 1094 158 1132 nem
175 1085 325 1150 pugnatum
340 1085 386 1142 est,
403 1079 537 1144 iuvenem,
549 1080 625 1133 cuius
636 1079 885 1152 magnitudinem
857 1078 901 1134 l

93 1159 182 1206 turam
200 1152 301 1222 pretatis
311 1151 464 1207 documenta
476 1153 656 1224 prodiderunt.
687 1154 790 1226 Quippe
800 1162 901 1224 patrem

93 1227 129 1282 ob
145 1227 245 1280 crimen
260 1226 418 1297 peculatus
411 1246 438 1282 m
449 1245 577 1282 carcerem
588 1229 742 1292 coniectum,
755 1229 845 1299 ibique
855 1228 903 1282 de-

93 1300 228 1366 functum,
248 1301 402 1356 translatis
394 1321 423 1355 rn
440 1320 468 1356 se
482 1302 597 1356 vinculis
607 1302 640 1357 ad
653 1303 815 1372 sepulturam
827 1302 902 1356 rede-

93 1375 153 1430 mit.
167 1377 222 1430 Nec
236 1375 263 1428 in
278 1375 347 1430 bello
364 1377 493 1430 iudicium
509 1377 680 1449 deligentium
692 1376 793 1430 lelellit:
815 1377 902 1449 siqui-

93 1450 157 1504 dem
169 1468 222 1504 non
233 1449 340 1505 inferior
349 1451 494 1506 virtutibus
504 1453 594 1522 patrie,
607 1453 722 1506 Xerxem
735 1452 902 1504 terrestrina-

94 1524 205 1596 velique
226 1524 296 1579 bello
315 1535 477 1604 superatum,
499 1526 631 1597 trepidum
648 1526 762 1596 recipere
776 1542 804 1578 se
818 1525 845 1579 in
860 1541 904 1578 re-

93 1617 179 1673 gnum
191 1599 286 1672 coegit.

225 2055 423 2112 LIBER
481 2053 776 2112 TERTIUS.

407 2195 599 2217 π’

95 2311 177 2348 Arte.
196 2310 245 2357 Gap.
255 2313 274 2345 1.
291 2308 369 2345 Xerxis
382 2307 485 2345 interitus.
506 2309 638 2346 Artaxerxes.
659 2309 678 2342 2.
692 2309 711 2344 3.
724 2305 756 2342 De
770 2305 874 2352 Spartanis
884 2311 905 2342 ct

145 2371 311 2421 eornmlegibus.
332 2375 353 2408 4.
362 2373 380 2408 5.
390 2375 409 2410 6.
423 2371 503 2409 Bellum
512 2370 666 2409 Messeniecum.
685 2369 766 2406 Bellum
775 2369 904 2415 Peloponne-

145 2435 378 2474 siacum.7..1²erictes
397 2434 587 2472 Bellumsicutum.

158 2557 187 2621 C
191 2585 234 2620 ιι
246 2568 268 2621 1.
286 2567 397 2632 Xerxes,
405 2585 451 2621 rex
458 2569 606 2629 Persarum
614 2572 696 2618 terror
705 2569 764 2616 ante
773 2556 903 2630 rrentium,

99 2641 191 2698 bello
182 2659 212 2696 ιιι
223 2641 359 2698 Graeciam
369 2642 506 2697 infeliciter
515 2649 597 2714 gesto,
610 2639 687 2693 etiam
698 2636 754 2688 suis
764 2599 905 2684 contemtui

138 2735 260 2788 lusurus.
718 2723 739 2776 C
