2044 3028
118 169 166 224 {82
348 172 499 218 IUSTINI
517 171 675 218 HISTOR.

115 273 274 346 compescuit
287 280 312 326 et
322 271 498 326 Macedoniam
508 247 543 325 ab
552 269 639 323 hostili
650 269 818 342 populatione
828 271 917 327 delen·
998 321 999 356 ,

115 350 163 403 dit.
185 348 225 402 Ob
235 365 303 418 quae
313 347 417 400 virtutis
427 346 550 400 beneficia
561 344 652 398 multis
661 345 917 418 nobilibusregnum
998 361 999 430 q

116 421 280 477 Macedoniae
290 419 479 475 adfectantibus
490 419 615 494 ignobilis
626 419 681 490 ipse
690 420 874 491 praeponitur:
894 430 918 476 et
998 431 999 476 t

115 514 200 568 quum
216 514 261 550 rex
278 496 312 550 ab
326 496 441 550 exercitu
456 493 600 566 appellatus
615 502 690 558 esset,
707 495 764 564 ipse
774 495 918 550 noninre-
998 507 999 564 ζ

114 572 165 644 gis,
178 571 224 625 sed
234 571 309 625 ducis
321 589 416 625 nomen
427 570 513 624 iurare
523 568 620 622 milites
630 569 764 639 compulit.

170 645 239 701 Car.
261 647 305 700 vl.
329 647 427 699 Interea
441 645 569 708 Brennus,
591 643 721 714 qucduce
731 644 814 714 portio
829 643 919 700 Gallo-

115 739 175 774 rum
193 721 219 774 in
235 720 369 775 Graeciam
388 737 417 774 se
429 716 562 782 effuderat,
579 717 668 771 audita
678 717 784 788 victoria
795 737 916 784 suorum,
998 711 999 780 l

115 796 163 866 qui
183 795 271 868 Belgio
285 795 351 850 duce
365 793 519 849 Macedonas
533 793 658 856 vicerant,
675 791 829 864 indignatus
844 801 917 864 parta
998 789 999 860 f

116 870 221 924 victoria
241 871 357 940 opimam
376 868 499 940 praedam
520 874 546 921 et
558 865 672 921 Orientis
689 867 781 938 spoliis
794 876 918 922 onustam
998 903 999 940 3

116 951 168 998 tam
182 944 255 998 facile
266 945 380 998 relictam
391 962 455 1007 esse,
468 943 523 1014 ipse
535 940 658 995 adunatis
667 949 772 996 eentum
782 942 920 1013 quinqua-

115 1015 188 1090 ginta
208 1019 325 1073 millibus
341 1019 457 1090 peditum
468 1022 493 1071 et
503 1016 654 1089 quindecim
666 1015 785 1070 milliBus
795 1017 918 1088 equitum

116 1093 143 1146 in
161 1093 337 1146 Macedoniam
357 1092 489 1163 irrumpit.
523 1090 613 1157 Quum
630 1108 707 1163 agros
723 1090 854 1162 villasque
872 1109 920 1162 po-
998 1125 999 1132 .

115 1165 258 1236 palaretur,
280 1167 391 1221 occurrit
411 1167 435 1220 ei
453 1184 513 1220 cum
529 1166 655 1219 instructo
669 1165 784 1219 exercitu
798 1165 921 1222 ltlaoedo·
998 1213 999 1220 ,

117 1258 181 1294 nuru
197 1241 349 1295 Sostlrenes:
371 1241 417 1294 sed
431 1241 509 1312 pauci
525 1239 682 1311 apluriBuS,
696 1240 788 1310 trepidi
802 1239 922 1296 avalena

116 1315 187 1368 tibus
202 1315 276 1369 lacile
291 1316 441 1372 vincuntur.
470 1317 561 1386 ltaque
576 1332 661 1386 quum
676 1315 738 1368 victi
756 1332 784 1368 se
798 1315 920 1370 Macedo-

117 1407 162 1444 nes
182 1390 249 1444 intra
265 1409 354 1444 muros
369 1391 477 1444 urbium
491 1389 678 1454 condidissent,
700 1389 782 1444 victor
796 1389 921 1444 Brennus
998 1389 999 1432 ἶ

116 1465 221 1520 nemine
243 1467 395 1537 prohibente
414 1465 491 1536 totius
505 1464 670 1518 Macedoniae
684 1481 761 1537 agros
775 1463 922 1535 depraeda-
998 1465 999 1472 ’

115 1547 168 1596 tur.
198 1541 261 1598 lude
274 1542 350 1612 quasi
366 1549 464 1594 terrena
481 1540 534 1594 iam
548 1538 631 1610 spolia
640 1539 782 1603 sorderent,
795 1539 922 1594 animum

115 1614 149 1668 ad
163 1615 272 1670 deorum
293 1614 481 1670 immortalium
502 1613 598 1684 templa
612 1614 752 1678 convertit,
772 1613 922 1670 scurriliter

116 1689 214 1744 iocatus
230 1695 435 1758 locupletandam
445 1692 693 1758 toryiriltominibas
703 1697 828 1756 oportere.
860 1687 923 1744 Sta-

115 1763 163 1816 tim
175 1765 255 1836 igitur
266 1763 379 1835 Delphos
389 1765 436 1818 iter
446 1764 531 1826 vertit,
545 1763 668 1834 praedam
678 1762 807 1836 religioni,
820 1779 922 1818 aurum

114 1837 227 1892 offensae
241 1837 348 1892 deorum
365 1836 554 1892 immortalium
569 1837 730 1908 praeferens:
757 1855 822 1907 quoa
837 1842 923 1893 nattis

115 1916 206 1979 opibus
215 1930 296 1981 apere,
309 1922 337 1966 ut
348 1917 393 1982 qai
403 1931 447 1967 eos
458 1916 554 1981 tarpiri
563 1915 707 1967 hominibus
715 1915 825 1977 soleant,
838 1913 924 1966 adfir-

115 1987 212 2040 mabat.
243 1985 382 2057 Templum
407 1994 493 2040 autem
518 1986 648 2058 Apollinis
670 1986 777 2058 Delphis
800 1986 924 2057 positum
998 2057 999 2060 Ἴ

115 2070 154 2115 est
164 2062 191 2116 in
202 2069 289 2118 monte
299 2063 420 2125 Parnaso,
433 2062 461 2116 in
470 2079 536 2132 rupe
546 2061 665 2133 undique
676 2061 859 2132 impendente:
883 2062 925 2116 ibi

113 2137 245 2192 civitatem
260 2136 403 2210 frequentia
418 2135 557 2190 hominum
576 2135 643 2200 iecit,
655 2136 703 2208 qui
713 2135 746 2190 ad
756 2135 926 2192 adfirmatio·
998 2183 999 2204 ,

115 2229 176 2265 nem
193 2212 334 2268 maiestatis
349 2210 469 2283 undique
482 2218 664 2266 concurrentes
675 2211 742 2265 inco
752 2227 925 2266 saxonense·
998 2209 999 2252 ἶ

113 2285 185 2338 dere.
215 2286 302 2357 Atque
321 2287 355 2340 ita
375 2284 503 2357 templum
523 2293 548 2340 et
562 2285 692 2340 civitatem
709 2303 761 2340 non
777 2285 926 2352 muri,sed
998 2283 999 2300 ³

113 2359 279 2427 praecipitia;
305 2377 354 2414 nec
375 2359 551 2424 manufacta,
573 2360 619 2414 sed
639 2359 767 2416 naturalia
786 2361 926 2431 praesidia
998 2369 999 2378 ’

112 2428 271 2485 defendunt:
291 2450 401 2502 prorsus
414 2443 444 2488 ut
456 2435 585 2488 incertum
600 2435 642 2499 sit,
662 2442 751 2488 utrum
763 2435 926 2490 munimen·
998 2449 999 2476 ³

114 2507 171 2552 tum
191 2501 248 2566 loci,
266 2521 298 2558 an
313 2505 434 2560 maiestas
444 2506 486 2560 dei
497 2507 558 2578 plus
568 2509 612 2562 hic
621 2508 802 2564 admirationis
812 2509 927 2566 habeat.
998 2571 999 2574 ,

113 2569 197 2626 Media
208 2577 267 2629 saxi
277 2594 355 2646 rupes
366 2579 393 2631 in
403 2577 516 2636 formam
526 2582 619 2636 theatri
634 2583 748 2638 recessit.
782 2581 928 2649 Quamob-
998 2577 999 2630 i

112 2653 169 2692 rem
184 2653 208 2697 et
222 2647 361 2702 hominum
372 2649 504 2707 clamorat
513 2654 537 2708 si
550 2656 658 2726 quando
676 2657 774 2712 accedit
791 2659 930 2715 tubarum
998 2663 999 2666 ’
