2022 3010
328 179 414 256 mn
434 211 477 258 w.
508 212 588 258 car.
612 212 635 258 a.
861 211 893 262 ta

83 312 171 367 raoior
180 309 239 366 fuit.
250 311 349 364 Horum
360 329 393 365 ex
404 328 514 365 numero
519 311 665 366 Anaxilaus
675 311 773 366 iustitia
783 329 896 368 cumce-

84 395 204 440 tererum
215 385 367 439 crudelitate
378 387 505 452 certabat3
529 387 606 440 cuius
621 387 806 442 moderationis
820 389 893 443 haud

84 461 245 514 mediocrem
260 459 373 514 fructum
387 459 456 514 tulit.
477 460 580 531 Quippe
590 461 716 516 decedens
726 479 812 532 quum
824 463 892 518 filios

84 535 214 606 parvulos
224 533 381 606 reliquisset,
389 534 550 606 tutelamque
559 552 650 590 eorum
660 537 784 609 Micytho‚
792 545 892 608 specta-

84 619 128 663 tae
139 609 200 662 tidei
211 610 490 673 serv0‚oommisisset:
505 617 593 663 tantus
602 627 675 664 amor
685 612 825 665 memoriae
834 613 892 665 eius

83 683 160 754 apud
174 701 265 738 omnes
280 683 338 748 fuit,
351 691 381 737 ut
396 701 487 754 parere
500 701 584 748 serve,
597 702 679 755 quam
694 685 811 740 deserere
821 687 891 758 regis

85 758 158 812 filios
176 758 296 824 mallent;
318 759 505 830 principesque
520 758 645 824 civitatis,
666 758 741 814 obliti
755 759 891 831 dignitatis

83 851 166 897 suae,
179 832 432 904 imminuentem
447 832 626 886 administrari
639 850 685 904 per
699 850 807 887 servum
821 842 891 904 pate-

85 915 190 962 rentur.
215 908 359 978 Imperium
369 907 472 962 Siciliae
482 907 560 961 etiam
571 906 799 980 Carthaginienses
810 915 893 964 tenta-

85 1000 163 1048 vere3
185 981 286 1052 diuque
305 983 378 1037 varia
393 982 575 1036 victoriacum
590 983 709 1056 tyrannis
724 982 890 1038 dimicatum.

85 1056 129 1111 Ad
140 1063 311 1126 postremum,
318 1057 416 1110 amisso
425 1057 588 1110 Hamilcare
581 1065 735 1128 imperatore
744 1075 807 1112 oum
816 1075 892 1112 exer-

85 1131 152 1195 citu,
165 1130 354 1202 aliquantisper
364 1148 488 1203 quievere
497 1132 569 1187 vrctr

144 1205 214 1260 Chr».
236 1207 280 1260 [ΙΙ.
302 1205 386 1259 Medio
405 1213 520 1276 tempore
533 1223 618 1277 quum
632 1207 745 1278 Rhegini
760 1207 889 1261 discordia

85 1279 244 1345 laborarent,
260 1280 404 1351 civitasque
418 1298 464 1351 per
477 1281 666 1335 dissensionem
681 1282 766 1336 divisa
784 1282 812 1335 in
823 1281 890 1335 duas

84 1363 175 1427 partes
184 1361 264 1422 esset3
280 1355 394 1410 veterani
404 1373 437 1409 ex
447 1354 525 1410 altera
535 1363 607 1427 parte
616 1357 650 1410 ab
660 1357 765 1410 Himera
776 1357 803 1410 in
813 1357 891 1410 auxi·

84 1431 157 1483 lium
172 1429 269 1494 vocati,
284 1429 368 1501 pulsis
383 1430 493 1494 civitate,
509 1438 596 1485 contra
611 1449 678 1502 quos
693 1430 825 1501 implorati
834 1431 891 1485 fue·

85 1512 156 1569 rant,
175 1511 201 1558 et
213 1522 275 1559 mox
289 1506 379 1570 caesis,
396 1505 495 1576 quibus
509 1505 622 1559 tulerant
638 1505 779 1568 auxilium,
795 1506 891 1560 urbem

83 1597 149 1634 cum
169 1580 327 1652 coniugibus
345 1587 369 1633 et
391 1578 480 1634 liberis
494 1580 625 1634 sociorum
638 1596 810 1650 occupavere,
833 1581 891 1634 ausi

84 1654 191 1708 facinus
201 1653 268 1708 nulli
279 1662 390 1728 tyranno
399 1655 620 1726 comparandum:
641 1655 741 1726 quippe
751 1662 781 1708 ut
794 1653 891 1726 Rhegi-

85 1729 131 1784 nis
146 1728 242 1782 melius
256 1727 334 1783 fuerit
347 1729 427 1796 vinci,
440 1747 522 1802 quam
534 1729 635 1785 vicisse.
665 1730 733 1783 Nam
744 1729 800 1783 sive
810 1730 892 1784 vieto-

84 1804 164 1858 ribus
174 1804 330 1874 captivitatis
341 1805 398 1858 iure
407 1804 561 1869 servissent
578 1805 634 1859 sive
644 1805 741 1860 amissa
751 1804 834 1876 patria
844 1823 891 1859 ex·

83 1878 176 1933 sulare
189 1895 293 1932 necesse
308 1879 474 1936 habuissent
496 1897 548 1933 non
564 1887 650 1934 tamen
662 1880 729 1934 inter
741 1898 800 1934 aras
809 1888 834 1934 et
843 1898 891 1951 pa-

83 1953 150 2008 trios
163 1951 229 2007 lares
239 1953 369 2017 trucidati
376 1953 565 2008 crudelissimis
576 1955 696 2028 tyrannis
705 1957 817 2026 patriam
828 1973 890 2009 cum

81 2027 247 2100 coniugibus
259 2045 289 2082 ac
299 1996 387 2082 liberis
400 2027 523 2098 praedam
532 2028 708 2100 reliquissent.
728 2030 890 2084 Catinienses

80 2119 208 2175 quoque,
229 2120 314 2189 quum
329 2102 507 2174 Syracusanos
521 2120 614 2176 graves
629 2111 790 2189 paterentur,
807 2103 891 2156 diffisi

81 2178 192 2232 viribus
202 2178 267 2241 suis,
283 2177 413 2230 auxilium
424 2177 458 2230 ab
468 2177 671 2232 Atheniensibus
681 2178 809 2248 petivere:
830 2177 888 2250 qui,

80 2270 135 2308 seu
144 2251 233 2306 studio
243 2251 349 2306 maioris
359 2251 471 2322 imperii,
484 2269 537 2323 quo
546 2251 635 2306 Asiam
646 2250 835 2322 Graeciamque
845 2270 892 2324 pe-

81 2328 160 2383 nitus
171 2333 334 2397 oocuparent,
350 2343 397 2381 seu
410 2335 480 2380 metu
491 2325 571 2380 tactae
580 2325 682 2396 pridem
692 2343 706 2380 a
717 2325 890 2399 Syracusanis

79 2400 189 2464 classis,
208 2419 241 2454 ne
257 2400 468 2455 Lacedaemoniis
478 2400 573 2456 1llae
549 2418 617 2456 vires
627 2400 789 2458 accederent
810 2404 891 2458 Lam-

1 2481 2 2484 ’
81 2493 198 2550 pomum
211 2475 306 2529 ducem
320 2493 382 2530 cum
396 2474 520 2530 classem
535 2474 650 2529 Siciliam
665 2476 772 2541 misere,
793 2486 823 2531 ut
838 2475 890 2530 suh
919 2535 921 2540 ¹

1 2562 2 2576 ¹
81 2551 173 2622 specie
195 2549 295 2604 ferendi
315 2550 510 2605 Catiniensibus
530 2547 623 2603 auxilii
642 2557 769 2604 tentarent
787 2548 891 2602 Siciliae

82 2625 240 2697 imperinm
271 2627 304 2680 Et
317 2626 443 2697 quoniam
458 2625 544 2695 prima
555 2623 637 2688 initia,
649 2623 797 2693 frequenter
808 2617 890 2670 caesis

81 2701 217 2768 hostibus,
232 2717 355 2773 prospera
370 2699 485 2758 luerent:
507 2697 604 2752 maiore
613 2697 700 2750 denuo
710 2696 801 2754 classe
813 2697 839 2742 et
848 2705 893 2741 ro-
