2022 3010
325 141 419 220 ⁸cre.
439 177 484 222 vr.
506 177 584 224 cnr.
606 179 629 224 e.
862 175 896 225 63

81 275 155 330 santi
171 274 260 328 omnia
279 274 388 345 imperia
401 276 504 348 ingesta
514 285 590 331 sunt:
612 277 778 348 honoresque
790 277 823 331 ita
833 295 895 350 ges-

83 348 129 411 sit,
142 356 172 402 ut
182 357 367 403 ornamentum
378 368 428 404 non
441 352 564 422 accipere,
577 351 623 406 sed
633 352 695 405 dare
710 351 760 422 ipsi
772 352 894 424 dignitati

84 423 231 477 videretur.
266 424 321 476 lam
341 423 483 478 litterarum
499 426 627 490 studium,
644 427 696 479 iam
712 426 895 498 philosophiae

85 498 206 552 doctrina
224 505 308 562 tanta,
328 506 358 551 ut
372 499 493 553 mirabile
507 500 652 565 videretur,
668 500 739 555 unde
750 508 806 554 tarn
827 502 893 555 insi-

84 573 148 650 gnis
164 571 273 625 militiae
288 573 394 626 scientia
404 574 506 628 homini
517 575 583 628 inter
593 575 690 628 litteras
701 583 770 629 nato.
801 578 895 648 Neque

85 649 121 702 ab
138 647 190 701 hoc
207 647 277 702 ritae
290 648 422 718 proposito
437 649 528 703 mortis
547 649 611 702 ratio
621 649 755 702 dissensit.
783 651 853 704 Nam
864 659 893 704 ut

83 721 185 777 relatus
194 721 223 775 in
232 729 315 776 castra
325 723 489 777 semianimis
500 740 590 778 vocem
596 723 772 794 spiritumque
777 724 889 796 collegit,

83 797 114 852 id
125 813 213 850 unum
223 814 238 850 a
248 797 479 851 circumstantibus
489 798 641 868 requisivit:
664 815 725 852 num
736 803 893 852 cedentisr'bi

72 877 189 927 'scutum
199 875 334 925 ademisset
343 871 442 926 hostis?
452 872 528 938 Quod
539 871 820 937 utservatumaudivit‚
829 872 893 927 alla-

83 955 154 1010 tum,
178 945 251 1000 velut
270 945 390 999 laborum
405 947 555 1019 gloriaeque
569 947 679 1010 socium,
695 947 828 1002 osculatus
842 956 890 1000 est.

83 1023 187 1075 Iterum
202 1020 341 1090 quaesivit,
357 1026 413 1074 otri
427 1026 554 1076 vicissent.
577 1022 609 1075 Ut
619 1021 729 1086 audivit,
742 1022 891 1086 Thebanos,

86 1100 151 1150 bene
166 1098 375 1158 tremerem,
392 1095 472 1149 dixit:
494 1106 571 1168 atque
581 1097 625 1161 ita,
637 1095 710 1152 velut
719 1097 892 1169 gratulabun-

83 1171 137 1224 dus
147 1169 255 1240 patriae,
267 1169 419 1240 exspiravit.

143 1245 213 1299 Car.
235 1244 282 1296 IX.
303 1244 389 1298 Huius
408 1251 491 1299 morte
501 1245 578 1300 etiam
588 1244 790 1299 Atheniensium
807 1247 891 1300 virtus

83 1317 233 1374 intercidit:
254 1318 387 1390 siquidem
398 1319 503 1384 amisso,
512 1319 889 1385 cuiaemularieonsueverant‚

81 1397 113 1449 in
125 1392 266 1466 segnitiam
278 1401 461 1465 torporemque
475 1395 589 1459 resoluti,
607 1411 659 1448 non
674 1403 704 1448 ut
713 1393 777 1448 olim
787 1395 814 1448 in
826 1395 893 1448 clas-

81 1485 143 1524 sem
162 1475 188 1521 et
200 1468 337 1532 exercitus,
354 1467 401 1522 sed
415 1469 443 1522 in
456 1469 512 1522 dies
527 1469 603 1522 festos
613 1476 806 1539 apparatusque
816 1469 893 1522 ludo-

82 1561 149 1598 rum
164 1541 264 1595 reditus
279 1542 399 1612 publicos
416 1543 569 1609 effundunt3
590 1549 615 1595 et
630 1559 690 1594 oum
702 1542 834 1594 actoribus
845 1559 891 1594 no·

81 1617 228 1674 bilissimis
246 1617 382 1688 politisque
400 1618 498 1672 theatra
504 1617 643 1679 celebrant,
659 1614 821 1686 frequentius
836 1633 893 1670 sce-

81 1709 151 1748 nam
165 1709 247 1763 quam
263 1698 345 1745 eastra
365 1692 494 1760 visentes3
517 1691 757 1761 versificatoresqne
771 1689 891 1744 meliores

80 1785 169 1841 quam
189 1765 268 1820 duoes
284 1765 428 1820 laudantes.
458 1768 533 1820 Tunc
547 1765 655 1840 vectigal
675 1764 820 1836 publicum,
838 1783 892 1837 quo

80 1849 162 1898 antea
179 1840 276 1894 milites
290 1848 315 1894 et
330 1841 442 1914 remiges
452 1840 597 1906 alebantur,
610 1858 671 1894 cum
683 1841 784 1895 urbano
793 1840 892 1912 populo

78 1916 172 1972 dividi
187 1923 307 1986 coeptum
322 1923 369 1969 est.
390 1915 493 1982 Quibus
504 1917 583 1970 rebus
593 1915 713 1970 ellectum
726 1924 772 1980 est,
784 1923 814 1969 ut
824 1917 893 1970 inter

79 1991 137 2049 otia
159 1989 318 2044 Graecorum
337 1989 475 2044 sordidum
489 1998 514 2044 et
527 1991 670 2044 obscurum
685 1997 758 2044 antea
772 1990 892 2044 Macedo-

80 2081 153 2122 num
181 2081 277 2118 nomen
298 2072 453 2137 emergeret:
475 2073 499 2119 et
519 2065 667 2135 Philippus,
689 2065 764 2118 obses
779 2065 893 2118 triennio

80 2139 187 2196 Thebis
206 2139 322 2203 habitus,
344 2139 542 2209 Epaminondae
556 2148 581 2193 et
594 2139 732 2210 Pelopidae
746 2138 891 2192 virtutibus

80 2214 218 2277 eruditus,
234 2231 347 2286 regnum
356 2214 521 2268 Macedoniae
531 2213 653 2269 Graeciae
663 2221 687 2266 et
696 2213 773 2267 Asiae
782 2212 889 2266 cervici-

10 2345 11 2348 ,
78 2293 147 2356 hirs,
160 2287 235 2344 velut
244 2287 339 2368 iugum
350 2289 492 2354 servitutis,
505 2289 655 2360 imponeret.

376 2471 601 2502 ψ
