2022 3010
363 129 434 174 LIB.
455 130 501 177 IV.
531 132 610 176 CAP.
632 131 655 176 5.
875 127 909 180 45

103 237 161 285 tum
178 235 254 293 esset,
266 227 302 282 ita
311 245 345 282 ex
354 238 464 300 utraque
474 238 546 301 parte
558 231 672 285 summis
686 230 789 286 viribus
799 230 910 285 dimica-

103 304 193 359 batur.

160 378 230 432 Cre.
241 377 273 431 V.
293 376 381 430 Prima
390 377 472 450 igitur
482 379 663 451 congressione
674 377 775 433 navalis
788 379 909 432 certami-

104 452 146 506 nis
161 451 333 505 Athenienses
350 454 501 506 vincuntur.
533 453 620 508 Castra
638 471 745 525 quoque
759 471 820 507 oum
834 453 907 507 omni

103 525 212 598 publica
223 543 253 579 ac
262 525 363 596 privata
373 527 484 597 pecunia
496 528 628 581 emittunt.
658 528 742 598 Super
753 528 816 581 haec
826 528 905 594 mala,

102 617 192 672 quum
213 601 292 654 etiam
312 601 424 654 terrestri
438 601 536 672 proelio
551 602 613 654 victi
626 609 719 665 essent,
737 610 801 657 tanc
814 603 908 656 Demo-

105 673 211 729 sthenes
234 691 339 728 censere
357 677 448 746 eoepit,
472 686 501 730 al
523 680 625 730 obirent
645 677 752 739 Sicilia,
775 681 836 729 dam
854 695 905 740 rea,

105 754 226 819 quamvis
236 753 357 819 afflictae,
367 755 481 804 tiendum
491 760 577 804 tamen
583 755 702 818 perditae
711 756 810 818 forent:
827 768 908 819 neque

104 830 134 878 in
154 827 220 877 bello
238 827 306 878 mole
324 828 461 892 auspicato
475 829 587 892 emplius
604 828 822 893 perseuerandum
840 842 907 879 esse:

104 903 176 952 domi
186 903 319 967 praviora,
332 908 356 952 ct
366 905 478 968 forsitan
488 903 635 969 infeliciora
649 901 723 962 hello,
735 905 764 952 in
773 916 839 967 quae
850 917 908 953 aer-

104 991 169 1028 oare
182 977 227 1026 hos
241 977 314 1026 arrhis
328 983 473 1041 apparatus
484 983 608 1041 oporteat.
641 973 737 1038 Nicias,
750 990 797 1026 seu
806 973 907 1043 pudore

103 1047 254 1102 maleactae
265 1047 311 1111 rei,
324 1065 370 1100 seu
381 1055 453 1101 metu
462 1047 599 1102 destitutae
607 1049 662 1118 spei
673 1048 786 1112 civium,
798 1065 845 1102 seu
855 1048 907 1102 im-

103 1121 218 1194 pellente
232 1120 296 1186 lato,
311 1139 417 1176 manere
430 1123 572 1177 contendit.
602 1123 745 1194 Reparatur
762 1122 843 1196 igitur
857 1141 907 1177 na-

103 1196 164 1252 vale
174 1195 284 1260 bellum,
291 1204 315 1249 et
325 1196 407 1250 animi
417 1216 432 1250 a
442 1197 535 1268 prioris
544 1196 662 1252 fortunae
672 1197 782 1268 procella
792 1197 906 1283 adspem

103 1269 256 1326 certaminis
277 1279 443 1326 revocantur.
477 1271 545 1326 sed
537 1271 639 1326 inscitia
653 1271 761 1336 ducum,
777 1273 825 1343 qui
839 1272 907 1326 inter

103 1345 241 1418 angustias
252 1345 333 1399 maris
343 1352 444 1400 tuentes
451 1346 660 1420 seSyraousanos
668 1347 793 1432 aggressi
792 1346 904 1411 fuerant,

103 1421 181 1476 facile
191 1431 344 1474 vmcuntur
365 1421 534 1494 Eurymedon
545 1421 631 1486 dux
623 1440 651 1474 m
661 1438 746 1492 pnma
756 1438 810 1474 acre
819 1420 907 1474 fortls

102 1495 172 1550 sime
191 1495 331 1559 dimicans
354 1495 455 1565 primus
469 1496 551 1550 cadit:
576 1495 683 1566 triginta
697 1512 791 1558 naves,
806 1494 906 1579 quihus

102 1569 262 1642 praefuerat,
272 1569 458 1624 incenduntur.
482 1569 668 1624 Demosthenes
678 1575 703 1622 et
711 1568 807 1632 Nicias
821 1575 846 1622 et
855 1585 904 1639 rpsr

102 1645 177 1709 victi,
202 1644 346 1698 exercitum
364 1644 392 1698 in
406 1652 501 1699 terram
516 1643 662 1714 deponunt,
678 1642 800 1697 tutiorem
814 1641 903 1728 lugam

102 1720 152 1774 rati
172 1719 266 1773 itinere
285 1717 407 1772 terrestri.
442 1719 483 1773 Ab
502 1719 545 1772 his
565 1717 665 1772 relictas
679 1724 785 1772 centum
800 1716 905 1790 triginta

102 1811 186 1848 naves
196 1792 449 1866 Gylippusinvasit:
470 1811 541 1865 ipsos
551 1792 663 1846 demde
655 1791 817 1864 insequitur:
834 1791 906 1864 fugi-

102 1877 176 1923 entes
186 1869 281 1938 partim
295 1868 373 1938 capit,
390 1867 485 1939 partim
495 1867 588 1922 caedit.
617 1867 810 1931 Demosthenes,
824 1867 905 1920 amis·

101 1961 133 1998 eo
142 1943 268 2005 exercitu,
287 1959 302 1996 a
321 1943 469 2012 captivitate
481 1943 569 2015 gladio
583 1949 608 1994 et
621 1941 767 1998 voluntaria
780 1949 862 1997 morte
877 1957 905 1994 se

100 2017 234 2073 vindicat:
256 2016 344 2070 Nicias
355 2022 451 2082 autem,
463 2035 497 2071 ne
507 2016 687 2070 Demosthenis
697 2015 805 2087 quidem
815 2031 904 2068 exem·

99 2092 154 2164 plo,
168 2098 200 2145 ut
208 2090 261 2144 sibi
271 2091 426 2156 consuleret,
434 2091 592 2157 admonitus
600 2089 700 2144 cladem
710 2106 820 2144 suorum
831 2088 906 2142 auxit

98 2167 227 2222 dedecore
236 2165 403 2238 captivitatis.

349 2417 353 2422 ’
391 2401 615 2455 ψ
