1984 3010
290 163 361 208 LIB.
382 163 461 210 XVII.
482 165 563 209 CAP.
585 165 611 209 2.
804 159 848 211 lli

44 261 172 318 Seleucus
182 268 283 331 septem
296 269 321 315 et
333 263 507 335 septuaginta.
536 263 587 318 Sed
600 263 628 318 in
637 262 688 316 hac
697 269 777 318 aetate
786 264 854 318 utri-

43 355 97 408 que
112 335 197 389 animi
213 335 343 390 iuveniles
351 338 593 409 erentimperiique
602 337 771 409 cupiditatem
781 339 854 392 insa-

44 410 165 466 tiabilem
179 411 318 482 gerebant:
339 412 439 483 quippe
453 430 538 482 quum
556 413 646 466 orbern
662 413 853 467 ternarumduo

43 487 94 540 soli
106 493 232 550 tenerent,
245 487 364 558 angustis
375 486 426 540 sibi
440 487 516 540 metis
527 487 799 553 inclusividebantur,
812 489 854 542 vi-

44 570 141 632 taeque
156 559 238 614 finem
251 577 304 614 non
319 579 449 614 annorum
459 561 550 632 spatio,
564 561 610 615 sed
620 561 724 632 imperii
734 562 853 618 terminis

46 633 234 689 metiebantur.

102 708 174 762 Cur.
195 710 229 762 ll.
250 711 278 762 In
293 726 323 764 eo
333 709 401 764 bello
412 709 587 782 Lysimachus
598 709 854 764 arnissisantevariis

43 783 155 838 casibus
168 783 322 854 quindecim
332 784 421 838 liberis
432 802 484 838 non
495 785 629 838 instrenuo
636 783 750 838 moriens
754 791 855 854 postre-

44 877 111 914 mus
121 857 218 911 domus
228 875 292 912 suae
301 859 397 930 ruinae
407 858 532 913 cumulus
543 858 660 912 accessit.
690 859 786 912 Laetus
796 866 853 912 tan-

43 943 70 988 ta
86 931 198 988 victoria
208 931 372 998 Seleucus-et,
384 933 457 1005 quod
469 933 555 987 maius
567 933 672 988 victoria
683 933 799 1003 putabat,
812 950 855 987 so-

44 1008 107 1063 lum
127 1025 156 1061 se
175 1005 208 1060 de
227 1007 330 1062 cohorte
345 1007 661 1062 Alexandriremansisse
676 1009 855 1079 victoremque

44 1083 181 1138 victorum
200 1082 339 1147 exstitisse,
359 1100 412 1138 nco
425 1086 565 1136 humanum
579 1101 632 1136 esse
641 1101 713 1150 opus,
729 1087 774 1136 sed
786 1087 855 1136 dict-

43 1175 113 1212 num
128 1173 223 1210 munus
238 1156 378 1229 glorietur:
395 1157 504 1230 ignarus
519 1175 626 1228 prorsus
638 1173 688 1210 non
699 1157 784 1211 multo
796 1165 855 1229 post

44 1230 199 1304 fragilitatis
222 1231 355 1286 humanae
379 1249 407 1286 se
429 1232 516 1301 ipsum
543 1231 695 1302 exemplum
718 1231 851 1286 futurum:
880 1233 881 1236 ’

44 1307 153 1379 quippe
162 1312 220 1376 post
229 1323 333 1360 menses
343 1305 487 1360 admodum
497 1315 595 1377 septem
606 1325 620 1360 a
636 1305 790 1371 Ptolemae0,
807 1323 855 1360 cu-

44 1384 91 1436 ius
108 1397 225 1434 sororem
239 1381 415 1454 Lysimachus
430 1381 458 1434 in
474 1380 640 1435 matrimonio
654 1380 791 1444 habuerat,
808 1398 854 1450 per

45 1455 163 1511 insidias
183 1455 377 1511 circumventus
393 1454 533 1522 occiditur3
556 1472 721 1527 regnumque
737 1455 856 1508 Macedo-

45 1531 120 1595 niae,
132 1529 206 1601 quod
215 1530 374 1602 Lysimacho
384 1531 522 1600 eripuerat,
535 1546 596 1582 cum
608 1529 660 1581 vita
670 1529 766 1598 pariter
778 1528 855 1580 amit-

45 1607 89 1660 tit.
121 1604 207 1677 Igitur
228 1603 390 1659 Ptolemaeus
404 1622 490 1676 quum
505 1611 529 1656 et
544 1603 571 1656 in
589 1602 699 1674 gratiam
715 1602 856 1656 memoriae

47 1679 144 1752 magni
155 1675 292 1733 Ptolemaei
303 1679 384 1751 patris
394 1679 456 1733 etin
466 1677 582 1732 favorem
589 1675 855 1748 ultionisLysimachi

47 1754 209 1810 ambitiosus
222 1754 294 1825 apud
302 1753 441 1826 populares
451 1761 526 1817 esset,
539 1751 855 1824 primoLysimachifilios

46 1828 190 1884 conciliare
203 1828 254 1882 sibi
265 1831 367 1896 stetuit3
389 1827 691 1900 nuptiasque‘alrsinoe's,
703 1823 799 1880 sororis
810 1845 857 1881 su⁰

48 1924 92 1969 ae,
106 1903 201 1960 matris
210 1921 311 1968 eorum,
324 1903 396 1975 petit,
410 1921 550 1975 puerorum
561 1901 698 1973 adoptione
707 1903 852 1973 promissa:

51 1988 89 2044 ut,
114 1995 202 2050 quum
213 1978 241 2032 in
252 1978 339 2032 locum
349 1979 430 2050 patris
441 1995 532 2032 eorum
542 1977 717 2041 successisset,
738 1977 806 2031 nihil
816 1976 856 2030 illi

49 2053 140 2108 moliri
158 2051 199 2107 vel
211 2052 369 2108 verecundia
382 2051 473 2106 matris
483 2051 524 2106 vel
536 2051 707 2123 appellatione
715 2051 797 2124 patris
808 2068 857 2105 au·

48 2130 153 2184 dereut.
186 2127 284 2182 Fratris
299 2144 406 2199 quoque
420 2127 489 2199 regis
503 2126 616 2200 Aegypti
629 2127 795 2181 concordiam
810 2142 858 2196 per

44 2202 175 2274 epistolas
185 2201 347 2274 deprecatur,
359 2200 492 2274 professus
501 2207 625 2270 deponere
635 2219 661 2256 se
671 2207 795 2270 offensem
801 2217 858 2255 ere-

44 2283 88 2347 pti
100 2283 208 2346 paterni
221 2283 304 2346 repet,
320 2295 401 2347 raeque
414 2280 526 2344 amplius
539 2296 557 2331 a
570 2282 654 2346 fratre
669 2281 855 2344 quaesiturum,

48 2357 121 2422 quod
140 2356 272 2407 honestius
293 2371 311 2406 c
327 2361 438 2421 paterno
455 2355 524 2406 hoste
535 2355 689 2420 perceperit.
723 2350 858 2422 Omnique

45 2436 105 2482 arte
114 2426 237 2482 adulatur
250 2427 364 2481 Eumeni
375 2433 399 2480 et
409 2425 547 2498 Antigono,
563 2426 686 2479 Demetrii
698 2425 769 2492 filiis,
781 2425 858 2480 Anti-

42 2503 125 2568 ocho,
144 2501 201 2556 filio
215 2501 326 2566 Seleuci,
345 2519 407 2556 cum
422 2501 522 2572 quibus
531 2500 633 2555 bellum
642 2500 783 2555 habiturus
793 2505 855 2559 erat,

45 2595 82 2632 nc
96 2575 192 2630 tertius
207 2577 259 2631 sibi
274 2577 357 2631 hostis
372 2575 511 2630 accederet.
541 2574 591 2628 Sed
606 2592 654 2628 nec
668 2575 795 2646 Pyrrhus,
810 2587 858 2651 ren

45 2651 140 2725 Epiri,
158 2652 287 2718 omissuS,
305 2653 399 2726 ingens
413 2660 577 2705 momentum
592 2648 706 2710 futurus,
723 2645 775 2698 utri
790 2649 858 2710 paru
