2014 3000
145 153 177 204 76
380 157 532 202 IUSTINI
549 156 706 204 HISTOR.

142 259 249 314 ensium
263 257 329 312 iuris
343 258 498 312 habita‘est:
519 275 588 329 quae
603 257 698 312 incerta
709 257 839 328 possessio
853 257 940 326 effecit,

143 341 172 387 ut
186 333 292 386 nemine
305 333 384 404 quasi
397 350 473 386 suam
489 332 596 386 auxiliis
612 333 718 386 iuvante
729 331 872 386 libertatem
882 351 942 388 con-

141 407 255 461 stantius
274 415 400 462 tueretur.
441 408 523 478 Igitur
543 406 682 478 Philippus
703 405 780 480 longa
800 407 942 462 obsidionis

142 499 216 536 mora
230 483 376 536 exhaustus
387 483 513 552 pecuniae
523 482 710 536 commercium
724 481 755 534 de
767 481 873 552 piratica
883 501 942 537 mu-

142 565 242 610 tuatur.
281 557 370 628 Captis
399 557 488 628 itaque
511 564 617 610 centum
640 556 805 630 septuaginta
819 557 940 622 navibus,

142 633 330 704 mercibusque
340 633 478 696 distractis
491 631 656 686 anhelantem
666 632 782 702 inopiam
794 631 941 702 paullulum
992 695 993 698 Ἴ

143 707 278 761 recreavit.
307 707 414 772 Deinde,
429 725 461 761 ne
475 707 556 760 unius
567 707 641 761 urbis
651 707 846 780 oppugnatione
856 714 942 762 tantus

141 783 273 836 exercitus
291 789 427 846 tereretur,
448 781 577 852 proiectus
595 799 656 835 cum
678 780 827 836 fortissimis
846 782 942 837 multas
992 789 993 796 ’

143 857 366 912 Chersonensium
393 857 471 910 urbes
490 864 638 929 expugnat3
670 856 811 928 filiumque
829 857 942 912 Alexan-

142 932 231 994 drum,
244 930 332 984 decem
343 938 367 983 et
380 938 436 985 octo
446 948 529 985 annos
539 940 640 996 natum,
656 939 686 985 ut
698 932 749 986 sub
760 932 852 986 militia
863 933 943 1003 patris
992 999 993 1006 ἵ

143 1005 255 1059 tirocinii
266 1005 413 1060 rudimenta
424 1005 571 1076 deponeret,
582 1006 614 1060 ad
625 1023 653 1060 se
662 1007 775 1060 arcessit.
798 1009 829 1060 ln
839 1007 942 1080 Scythi-
992 1017 993 1024 ’

142 1098 184 1134 am
196 1097 302 1151 quoque
313 1080 455 1150 praedandi
465 1098 542 1134 causa
556 1080 685 1151 proiectus
696 1089 742 1145 ast,
761 1099 832 1135 more
842 1084 942 1154 negoti-

142 1155 242 1209 antium
254 1155 386 1226 impensas
395 1154 457 1208 belli
467 1155 518 1209 alio
529 1155 596 1209 bello
606 1155 757 1209 reiecturus.

196 1228 256 1282 Car.
272 1230 302 1282 ll.
317 1231 379 1283 Erat
388 1247 417 1284 eo
428 1238 542 1301 tempore
552 1247 597 1284 rex
607 1230 765 1304 Scytharum
776 1228 880 1294 Atheas
893 1232 942 1302 qui
992 1281 993 1288 ,

141 1321 226 1374 quum
238 1303 307 1358 bello
318 1305 488 1359 Istrianorum
498 1304 804 1376 premeretur,auxilium
816 1323 830 1359 a
841 1305 944 1377 Philip-

140 1395 175 1449 po
193 1379 448 1450 perApollonienses
462 1380 542 1451 petiit,
555 1381 582 1434 in
594 1381 783 1434 successionem
794 1397 856 1434 eum
866 1382 941 1454 regni
992 1397 993 1408 ¹

140 1453 262 1528 Scythiae
276 1455 458 1526 adoptaturus:
484 1473 569 1526 quum
588 1455 693 1509 interim
707 1455 879 1509 istrianorum
895 1473 943 1511 rex
992 1497 993 1508 ,

141 1529 268 1584 decedens
278 1537 303 1584 et
313 1537 382 1585 metu
394 1529 456 1584 belli
465 1538 490 1583 et
499 1529 659 1586 auxiliorum
673 1530 822 1584 necessitate
830 1530 943 1603 Scythas

140 1605 228 1660 solvit.
258 1607 348 1676 ltaque
357 1606 454 1660 Atheas
471 1605 588 1659 remissis
600 1605 785 1660 Macedonibus
796 1606 944 1660 renuntiari

139 1679 263 1750 Philippo
273 1680 353 1744 iubet,
361 1698 442 1749 neque
450 1684 581 1735 auxilium
591 1686 646 1734 ciue
655 1698 682 1734 aa
688 1686 944 1749 patiaseuequeudo-

137 1759 251 1821 ptioucm
273 1759 425 1810 mundasse:
452 1773 514 1808 num
538 1773 618 1824 neque
642 1760 757 1810 vindicta
775 1761 945 1810 Macedonum

139 1845 212 1896 opere
221 1827 339 1895 Scythas,
347 1832 439 1896 quihus
448 1833 565 1883 meliores
573 1835 752 1899 {creataeque
766 1833 883 1884 heredem
893 1835 946 1884 sihi

139 1905 264 1956 incolumi
277 1905 332 1971 filio
346 1897 438 1956 deesse.
468 1903 514 1957 His
530 1904 626 1958 auditis
641 1903 779 1975 Philippus
794 1903 895 1977 lagatos
910 1906 945 1959 ad

137 1975 249 2032 Athcam
267 1975 346 2030 mittit
360 1981 489 2045 impensae
504 1981 644 2032 obsidionis
655 1984 799 2047 portionem
814 1987 944 2050 petentes,

138 2069 170 2106 ue
188 2056 277 2120 iuopia
291 2055 407 2106 deserere
427 2055 519 2106 tellum
538 2062 661 2122 acuatum
684 2059 752 2124 quod
771 2072 801 2107 ao
812 2061 949 2122 promtius

63 2127 67 2138 ⁴
139 2145 195 2181 eum
212 2138 300 2203 socero
314 2131 421 2191 dehere,
444 2133 511 2196 quod
524 2133 610 2182 missia
624 2146 640 2182 a
655 2146 682 2182 aa
700 2134 729 2182 in
742 2132 878 2184 auritium
889 2136 949 2186 eius

137 2206 264 2257 militibus
274 2220 304 2256 uc
314 2212 426 2257 sumtum
436 2207 537 2272 quidem
546 2208 612 2264 ciac,
620 2220 671 2256 uon
679 2208 753 2256 modo
762 2209 847 2273 officii
855 2211 949 2272 pretia

138 2281 246 2331 dederit.
269 2275 367 2332 Atheas
377 2277 568 2331 inclementiam
579 2276 644 2330 coeli
654 2285 678 2330 et
688 2285 769 2331 terrae
779 2278 948 2333 sterilitatem

138 2358 269 2414 causatus¹
285 2368 354 2422 quae
368 2369 420 2406 non
434 2351 598 2424 patrimoniis
613 2351 676 2405 ditet
689 2351 815 2426 Scythas,
831 2353 882 2408 sed
899 2356 949 2408 vix
992 2351 993 2408 Ξ

138 2422 270 2477 alimentis
283 2425 413 2490 exhibeat,
431 2426 565 2496 respondit
578 2428 724 2481 nullucaihi
734 2444 866 2494 operasse,
884 2435 949 2496 qui-

137 2500 185 2548 bus
199 2506 299 2550 tontum
313 2517 397 2566 repem
413 2505 530 2568 eoeplcut;
550 2510 575 2554 et
589 2505 691 2568 turpius
697 2510 793 2568 putare
799 2519 890 2568 parvo
901 2509 949 2556 ‹le-
992 2503 993 2512 ’

136 2571 211 2634 fuupi
221 2587 299 2636 quum
313 2581 392 2624 toturn
407 2570 533 2628 accitare:
554 2575 664 2642 Scythas
677 2585 763 2630 autem
773 2581 873 2630 virtute
884 2583 949 2632 uui
992 2605 993 2620 r

135 2642 174 2688 rui
187 2649 211 2692 et
224 2645 324 2696 duritia
338 2652 462 2712 eorporis,
474 2665 525 2702 uon
536 2653 625 2716 opibus
636 2654 744 2704 censeri.
774 2648 886 2715 Quibus
902 2651 951 2706 de-
