1998 3006
212 155 216 162 ’
344 178 415 225 urs.
445 181 501 225 ΧΠ.
523 179 601 226 cnr.
622 183 645 227 c.
849 177 897 230 ⁴03

86 279 186 336 iudicio
200 279 230 334 in
245 296 328 333 unam
342 281 473 335 eohortem
487 299 540 346 eos,
556 283 605 353 qui
620 282 652 336 de
665 299 726 354 rege
735 279 831 335 durius
840 283 898 352 opi-

91 355 140 408 nati
156 353 271 418 lucrant,
286 356 436 416 contribuit,
454 365 499 410 aut
510 365 698 412 consumturus
709 374 752 410 eos
763 357 844 410 autin
856 357 898 410 ul-

92 429 161 482 timis
180 429 259 482 terris
278 429 305 483 in
324 429 439 486 colonias
457 431 658 487 distributurus,
688 433 752 486 lnde
772 432 895 496 Drances,

93 505 233 576 Euergetas
244 503 406 576 Arimaspos,
423 507 647 577 Paropamisadas‚
660 507 736 561 Arios
747 511 897 578 ceterosque

91 579 216 649 populos,
238 579 286 650 qui
305 580 333 634 in
349 581 435 634 radice
449 581 558 636 Caucasi
574 583 758 646 morabantur,
782 583 895 654 subegit.

93 655 190 708 {nterea
209 672 281 708 unus
300 671 333 708 ex
348 655 440 709 amicis
455 657 539 720 Darii,
557 657 662 721 Bessus,
682 657 785 710 vinctus
800 657 898 727 perdu—

88 729 167 793 citur,
178 729 227 800 qui
238 747 326 802 regem
337 749 390 784 non
401 730 488 784 solum
501 730 659 801 prodiderat,
677 748 770 785 verum
781 739 806 784 et
817 732 897 786 inter-

90 801 193 857 lecerat
224 803 327 869 Quem
320 823 346 858 ur
357 805 483 860 ultionem
494 806 619 876 perfidiae
627 804 833 859 excruciandum
845 805 898 860 fra-

90 878 125 932 tri
135 878 205 932 Darii
216 879 331 944 tradidit,
344 889 477 967 reputans·
484 899 536 935 non
547 889 600 935 tam
611 879 712 934 hostem
724 897 804 933 suum
816 879 898 935 fuisse

89 953 208 1018 Darium,
225 971 307 1024 quam
322 955 438 1009 amicum
455 956 521 1020 eiuS,
534 973 614 1028 aquo
628 962 696 1010 esset
709 955 822 1010 occisus.
851 955 894 1020 Et,

89 1027 180 1082 uthis
199 1028 274 1082 terris
293 1047 389 1084 nomen
404 1029 576 1102 relinqueret,
599 1031 693 1085 urbem
707 1029 896 1084 Alexandriam

87 1121 169 1174 super
184 1121 289 1158 amnem
307 1105 417 1158 Tanaim
431 1105 561 1170 condidit,
583 1101 651 1160 intra
667 1105 737 1158 diem
752 1107 896 1176 septimum

88 1178 224 1232 decimum
248 1196 325 1234 muro
351 1197 399 1234 sex
417 1179 533 1234 millium
553 1197 682 1252 passuum
701 1189 893 1246 consummato,
968 1185 969 1188 ’

87 1253 221 1308 translatis
240 1271 270 1308 eo
284 1254 365 1308 trium
381 1255 516 1309 civitatum
530 1255 643 1326 populis,
660 1272 727 1326 quas
737 1255 823 1328 Cyrus
834 1273 895 1310 eon·

87 1328 199 1382 diderat
229 1329 260 1382 ln
274 1327 417 1384 Bactrianis
432 1347 539 1401 quoque
553 1331 746 1404 Sogdianisque
755 1330 895 1384 duodecim

87 1404 168 1458 urbes
184 1403 310 1469 condidit
327 1403 368 1458 dis
370 1404 475 1459 tributis
490 1405 542 1470 his,
556 1422 731 1477 quoscunque
742 1405 768 1459 in
779 1405 895 1460 exercitu

84 1479 226 1533 seditiosos
236 1478 356 1534 habebat

141 1553 213 1608 Car.
225 1553 279 1608 ·v1.
299 1555 346 1607 His
362 1553 397 1607 ita
411 1554 492 1627 gestis
507 1553 619 1610 solemni
632 1553 675 1608 die
685 1554 783 1606 amicos
795 1554 822 1606 in
832 1570 896 1607 oon-

85 1628 193 1683 vivium
213 1635 295 1682 vocat.
325 1629 376 1684 Ubi
394 1638 449 1683 orta
466 1629 533 1682 inter
547 1629 633 1682 ebrios
644 1645 734 1682 rerum
747 1627 894 1699 arnitippo

81 1711 222 1776 gestarum
241 1703 381 1768 mentione,
398 1703 527 1775 praeferre
543 1721 571 1757 se
589 1703 657 1774 patri
670 1703 734 1773 ipse,
752 1719 895 1774 rerumque

83 1795 199 1834 suarum
211 1779 423 1851 magnitudinem
437 1779 561 1834 extollere
574 1778 644 1833 coelo
658 1786 734 1832 tenus
744 1777 836 1848 eoepit,
847 1778 895 1832 ad-

81 1861 205 1908 sentaute
215 1853 314 1908 maiore
328 1855 500 1908 convivarum
511 1862 593 1925 parte.
626 1854 717 1925 ltaque
725 1870 811 1924 quum
821 1870 894 1908 unus

81 1929 221 1984 eseuibus
224 1927 332 2015 ,Clitus¹
342 1929 437 1983 fiducia
448 1929 577 1983 amicitiae
586 1929 681 2002 regiae
689 1929 765 1982 cuius
776 1927 894 2015 palmam

82 2005 200 2068 tenebat,
217 2003 372 2058 memoriam
386 2004 503 2076 Philippi
513 2011 638 2069 tueretur,
655 2002 772 2057 laudaret
763 2011 826 2074 tque
835 2004 893 2058 eius

81 2096 124 2133 res
138 2087 237 2152 gestas,
253 2078 318 2132 adeo
329 2096 420 2165 regem
436 2079 552 2142 offendit,
533 2086 599 2132 tut
613 2078 664 2132 telo
675 2097 689 2132 a
700 2077 809 2132 satellite
819 2085 893 2148 rapto

78 2153 227 2208 eumdem
220 2171 248 2207 rn
258 2153 381 2208 convivio
393 2153 572 2208 trucidaverit.
580 2153 658 2220 Qua
669 2152 745 2206 caede
756 2151 893 2207 exsultans

81 2239 190 2284 mortuo
200 2229 375 2299 patrocinium
386 2228 501 2300 Philippi
515 2209 674 2300 laudemque
689 2235 811 2298 paternae
821 2227 893 2281 mili-

80 2305 132 2358 tiae
146 2303 303 2359 obiectabat.
338 2305 479 2375 Postquam
494 2303 603 2357 satiatus
617 2301 695 2356 caede
709 2301 815 2356 animus
829 2319 894 2358 con·

79 2379 196 2450 quievit,
207 2385 233 2432 et
242 2377 271 2432 in
282 2379 336 2432 irae
346 2377 434 2432 locum
446 2379 572 2432 suecessit
583 2377 735 2441 aestimatio
743 2377 821 2432 modo
831 2395 892 2449 per-

78 2471 177 2508 sonam
191 2453 280 2516 occisi,
296 2453 375 2508 modo
388 2471 495 2508 causam
508 2451 644 2507 occidendi
657 2452 836 2516 considerans
851 2453 893 2522 pi·
955 2503 962 2514 ,

75 2546 143 2602 gere
153 2545 216 2583 eum
232 2526 294 2582 lacti
309 2528 406 2599 eoepit:
428 2528 528 2599 quippe
538 2535 659 2612 paternas
674 2527 765 2581 laudes
775 2526 893 2580 tamira-

75 2603 169 2658 eunde
178 2620 311 2680 accepisse
320 2619 357 2668 se
372 2621 455 2688 quam
469 2601 643 2657 necoouvicia
654 2601 801 2662 debuisset;
823 2598 892 2650 ami-

74 2696 199 2752 cumque
208 2695 300 2734 senem
308 2685 334 2733 ct
343 2677 485 2736 innoxium
498 2694 551 2731 ase
561 2677 677 2731 occisum
688 2675 755 2729 inter
765 2670 856 2743 epulas
865 2673 894 2722 et
