2022 3010
347 191 418 234 LIB.
438 190 457 235 1.
487 191 568 236 CAP.
590 192 614 236 9.
848 186 875 236 ll

72 288 189 360 graviter
203 286 357 344 vulneratus
371 291 503 356 occubuit,
520 307 670 362 poenasque
679 289 729 344 luit
738 307 784 345 seu
796 290 882 362 impe-

74 363 121 416 rati
131 362 275 433 parricidii,
292 382 339 418 seu
349 364 478 438 sacrilegii
488 365 633 436 perpetrati.
663 365 721 430 Quo
734 366 827 419 nuntio
836 382 880 418 ac-

72 445 147 508 cepto
160 454 256 510 magus
270 447 330 492 ante
344 437 443 493 laruam
458 439 548 493 amissi
562 439 632 512 regis
646 448 755 510 occupat
764 438 876 502 lacinus

73 519 256 583 prostratoque
270 513 390 578 Smerde,
412 514 455 568 cui
470 531 582 587 regnum
597 514 752 578 debebatur,
772 514 878 568 fratrem

74 604 155 640 sumn
169 587 281 640 subiecit
293 587 446 658 Oropasten.
476 589 539 642 Erat
548 589 620 642 enim
630 596 655 642 et
667 589 719 642 oris
730 596 754 641 et
763 588 878 658 corporis

74 660 241 714 lineamentis
255 662 410 732 persimilis,
432 679 462 716 ac
476 663 581 716 nemine
590 663 698 716 subesse
707 663 798 717 dolum
808 663 880 716 arbi-

74 742 168 798 trante,
184 752 233 804 pro
247 735 356 790 Smerde
365 754 410 791 rex
420 737 545 808 Oropasta
561 737 736 790 constituitur.
756 737 879 802 Quaeres

74 826 106 863 eo
119 810 244 878 occultior
258 809 321 874 luit,
339 811 412 882 quod
426 812 497 882 apud
513 813 603 865 Persas
618 827 728 881 persona
744 811 813 882 regis
827 811 878 863 sub

73 883 162 955 specie
172 885 312 938 maiestatis
322 886 459 940 occulitur.
480 886 563 958 lgitur
572 885 652 958 magi,
661 884 694 938 ad
706 883 822 938 favorem
832 902 880 955 po-

73 957 134 1030 puli
152 957 360 1025 conciliandum,
381 961 479 1014 tributa
498 968 523 1014 et
542 960 650 1014 militiae
670 959 830 1014 vacationem
850 959 878 1012 in

74 1033 221 1087 triennium
237 1035 404 1104 permittunt,
426 1042 455 1088 ut
467 1052 589 1107 reguum,
606 1033 677 1107 quod
692 1033 782 1089 fraude
797 1051 880 1106 quae-

73 1107 182 1170 sierant,
195 1108 358 1182 indulgentia
366 1117 391 1163 et
401 1109 583 1182 largitionibus
592 1109 784 1164 confirmarent.
806 1108 880 1174 Quae

73 1199 119 1236 res
133 1191 253 1252 suspecta
267 1184 353 1254 primo
367 1183 468 1249 Ostani,
485 1185 541 1239 viro
552 1184 634 1238 nobili
651 1192 675 1238 et
685 1184 712 1237 iu
723 1183 878 1238 coniecturis

73 1257 261 1329 sagacissimo,
281 1257 338 1312 fuit.
371 1260 462 1330 ltaque
480 1276 527 1329 per
541 1259 715 1313 internuntios
729 1258 831 1330 quaerit
846 1257 879 1311 de

73 1331 142 1394 filia,
158 1349 227 1402 quae
240 1333 306 1386 inter
321 1333 405 1406 regias
418 1333 523 1404 pellices
536 1342 598 1398 erat,
611 1351 643 1387 an
654 1333 717 1405 Cyri
727 1332 795 1404 regis
806 1332 878 1386 silius

72 1423 124 1461 rex
138 1414 216 1460 esset.
245 1406 291 1460 llla
307 1425 354 1461 nec
368 1425 396 1462 se
411 1409 494 1478 ipsam
509 1409 575 1462 scire
585 1409 629 1474 ait,
643 1425 690 1460 nec
699 1424 732 1460 ex
743 1406 792 1461 alia
802 1423 879 1476 posse

71 1498 246 1554 cognoscere:
258 1483 320 1553 quia
329 1482 450 1556 singulae
459 1483 597 1554 separatim
611 1481 788 1535 recludantur.
810 1483 880 1534 Tum

71 1563 233 1629 pertractare
247 1556 387 1611 dormienti
401 1565 479 1628 caput
491 1557 578 1620 iubet;
600 1573 663 1610 nam
677 1571 755 1626 mago
764 1554 881 1626 Camby-

71 1647 206 1685 sesaures
215 1639 341 1702 utrasque
350 1630 517 1702 praeciderat.
538 1628 880 1698 Factusdeindeperliliam

71 1705 178 1770 certior,
196 1705 254 1766 sine
263 1707 372 1760 auribus
381 1725 438 1760 esse
448 1723 545 1778 regem,
562 1704 731 1775 optimatibus
741 1704 880 1758 Persarum

71 1780 246 1844 remindicat,
255 1789 279 1834 et
288 1781 315 1835 in
325 1781 430 1836 caedem
441 1780 500 1834 falsi
511 1781 580 1854 regis
591 1779 719 1850 impulsos
724 1779 880 1833 sacramenti

72 1853 203 1927 religione
213 1856 360 1928 obstringit.
382 1855 485 1926 Septem
496 1854 704 1920 tantumconscii
716 1852 788 1907 luere
799 1854 881 1908 buius

70 1929 279 1996 coniurationis3
301 1931 349 2001 qui
363 1947 397 1984 ex
409 1931 562 1993 continenti,
578 1947 620 1994 ne,
634 1929 694 1982 dato
708 1929 736 1983 in
746 1929 883 1999 poeniteu-

70 2005 141 2060 tiam
151 2005 245 2074 spatio,
257 2022 299 2058 res
308 2023 355 2076 per
364 2023 518 2076 quenquam
528 2013 684 2068 narraretur,
693 2003 819 2058 occultato
830 2002 882 2056 sub

70 2089 149 2134 veste
158 2079 235 2143 ferro,
248 2080 282 2133 ad
291 2079 388 2152 regiam
400 2087 523 2152 pergunt.
544 2079 584 2133 lbi
593 2079 679 2133 obviis
690 2076 839 2141 interfectis,
848 2075 883 2130 ad

71 2169 169 2226 magos
184 2154 356 2224 perveniunt:
377 2154 476 2226 quibus
490 2171 523 2208 ue
537 2153 602 2224 ipsis
616 2152 725 2225 quidem
736 2151 843 2204 animus
853 2151 882 2204 in

69 2227 209 2284 auxilium
219 2228 261 2282 sui
271 2228 366 2283 deluit:
386 2228 518 2300 siquidem
529 2228 615 2282 stricto
625 2226 692 2281 ferro
701 2225 768 2279 duos
779 2226 811 2280 de
820 2242 885 2280 oon·

72 2303 170 2358 iuratis
180 2302 350 2358 interficiunt.
371 2305 424 2374 Ipsi
434 2311 520 2358 tamen
531 2302 708 2373 corripiuntur
718 2319 733 2354 a
743 2300 880 2372 pluribus:

70 2394 193 2449 quorum
208 2375 321 2431 alterum
330 2378 450 2451 Gobryas
461 2377 578 2432 medium
592 2375 740 2447 amplexus,
757 2383 884 2430 cunctan-

73 2453 149 2506 tibus
166 2451 253 2515 sociis,
267 2470 300 2506 ne
315 2453 403 2523 ipsum
413 2470 461 2524 pro
471 2449 754 2524 magotransfodereut,
766 2449 831 2520 quia
842 2465 883 2500 res

70 2527 190 2580 obscuro
200 2525 257 2580 loco
267 2528 413 2600 gerebatur,
421 2527 462 2582 vel
473 2544 519 2597 per
529 2543 609 2580 suum
622 2542 718 2595 corpus
727 2523 800 2594 adigi
806 2537 883 2590 mago

70 2600 178 2656 ferrum
188 2600 279 2656 iussit:
299 2601 402 2656 fortuna
411 2609 498 2656 tamen
509 2601 592 2655 ictum
600 2607 714 2672 regente,
726 2596 772 2648 illo
781 2591 889 2646 incolu-

71 2674 115 2730 mi
126 2691 224 2748 msgus
235 2675 399 2732 interficitur.
