1998 3006
328 160 399 205 LIB.
420 160 490 206 XVI.
512 159 592 204 CAP.
612 159 638 202 2.
833 154 885 204 435

79 257 283 313 Alexandrum'
275 265 315 311 rnt
305 257 415 310 terfecit
393 265 614 329 t,ocoupatoque
629 257 793 312 Macedoniae
803 275 885 330 regno

79 333 185 408 caedem
204 332 276 402 apud
292 300 435 386 exercituin
450 341 623 386 excusaturus
634 333 659 385 in
675 333 826 386 concionem
837 351 885 386 vo-

78 418 130 461 cot.
161 407 200 460 Ibi
212 411 329 474 priorem
342 425 369 460 se
376 412 485 474 petitam
497 411 529 460 ub
539 411 691 461 Ateccuudro
701 407 817 480 adlegat;
837 425 883 461 neo

79 488 170 552 secisse
184 499 219 544 se,
231 487 276 534 seet
289 498 427 548 occupasse
440 486 558 535 insidias.
588 483 680 550 Repem
688 491 775 536 autem
786 500 814 536 se
823 483 885 537 Me-

80 561 203 612 eedmu'ee
212 559 252 609 eei
261 561 355 610 aetatis
366 561 548 622 eupertmenrts
561 559 601 609 net
611 561 697 610 causis
707 561 885 610 iustioremes-

78 649 117 686 se.
145 631 249 684 Patrem
267 635 334 684 enim
355 647 430 684 suum
450 639 474 683 et
493 631 610 696 Phiiippo
624 635 681 698 repi
695 639 719 682 et
732 631 884 684 Ateeeandro

80 707 177 772 Mapno
193 709 291 758 socium
305 709 333 758 in
348 709 418 757 ouini
427 708 522 757 militia
531 709 624 773 suissm
645 707 783 757 liberorum
795 709 885 757 deinde

79 782 228 834 Aiearandri
242 783 389 832 ministrum
403 783 474 832 etad
486 783 673 846 persequendos
687 783 825 846 defectores
835 782 884 831 da-

80 872 136 908 cem
150 859 287 907 exstitisse.
319 853 416 906 Contra
430 853 605 920 Antipatrum,
621 870 699 906 auum
716 856 807 905 borum
820 856 885 904 ado-

81 932 239 990 lescentium,
261 932 417 980 amariorem
435 945 535 994 semper
552 931 700 980 ministrum
719 931 885 996 requiquam

80 1009 152 1071 ipsos
161 1019 233 1070 repes
244 1007 334 1070 fuisse.
367 1001 543 1056 Cassandrum
552 1020 612 1057 vero
619 1011 730 1070 putrem,
742 1006 885 1055 eastincto-

82 1095 139 1132 rem
149 1082 236 1144 repiae
249 1081 347 1139 domus,
366 1094 417 1130 non
431 1081 541 1146 seminis,
558 1093 610 1130 uon
623 1081 714 1144 pueris
726 1079 870 1144 pepercisse
875 1094 884 1141 ;

82 1170 130 1206 nee
142 1155 350 1219 cessassequoud
359 1169 456 1204 omnem
465 1156 571 1218 stirpem
580 1159 667 1220 repiae
676 1155 773 1205 subolis
781 1154 883 1204 deteret.

80 1227 183 1282 Horum
195 1230 322 1279 scelerum
335 1229 466 1288 ultionem,
483 1231 546 1294 quia
559 1231 687 1294 nequisset
701 1229 734 1280 ab
750 1231 806 1294 ipso
820 1225 884 1280 Cas-

76 1305 180 1356 sancire
190 1305 302 1368 eatpere,
313 1304 348 1354 ad
359 1304 452 1354 liberos
462 1305 517 1354 eius
527 1304 692 1354 translatam.
716 1300 885 1365 Quamobrem

78 1381 161 1430 etiam
169 1376 315 1442 Pbiiippum
324 1376 561 1442 Alexandrumque,
572 1380 596 1428 si
606 1380 664 1443 quis
673 1381 788 1428 menium
796 1391 885 1428 sensus

79 1459 128 1514 est,
144 1467 197 1503 non
209 1452 384 1518 interfectores
392 1467 453 1503 suos
463 1467 495 1503 ac
504 1454 595 1516 stirpis
602 1467 672 1510 suae,
684 1453 728 1502 sed
737 1453 833 1502 nitores
842 1467 885 1501 co-

80 1543 141 1578 rum
154 1525 323 1579 Macedoniae
332 1541 439 1593 repnum
451 1532 534 1577 tenere
544 1527 629 1576 mette.
650 1525 697 1575 Per
708 1523 770 1575 haec
780 1523 886 1596 mitiga-

80 1609 108 1652 to
117 1597 216 1670 populo
226 1615 273 1652 rex
283 1599 447 1654 Macedoniae
458 1596 612 1668 appellatur.
633 1596 808 1668 Lysimachus
819 1613 885 1666 quo-

79 1691 136 1745 que
150 1691 236 1745 quum
251 1672 319 1726 bello
334 1671 530 1734 Dromichaetis,
547 1670 616 1742 regis
631 1671 771 1734 Thracum,
784 1687 886 1740 preme·

79 1756 163 1813 retur,
180 1765 213 1802 ne
229 1747 320 1802 eodem
338 1756 454 1818 ternpore
463 1755 487 1800 et
497 1745 624 1800 adversus
634 1762 695 1798 eum
706 1745 830 1799 dimicare
839 1764 883 1800 ne·

79 1841 153 1878 cesse
168 1823 284 1887 haberet,
302 1822 431 1878 tradita'
408 1841 433 1876 er
448 1821 528 1875 altera
542 1829 614 1892 parte
628 1821 802 1884 Macedoniae,
817 1839 886 1892 quae

79 1897 253 1969 Antipatro
231 1915 289 1952 erus
298 1914 394 1971 genero
404 1897 553 1961 obvenerat
565 1913 656 1966 pacem
666 1913 728 1950 eum
738 1914 768 1951 eo
778 1894 845 1950 fecit

137 1973 208 2028 Cre.
229 1972 263 2026 ΙΙ.
285 1973 368 2044 igitur
386 1971 533 2026 Demetrius
554 1971 612 2024 totis
629 1971 794 2027 Macedoniae
810 1970 903 2044 regni¹

78 2047 205 2102 viribus
197 2055 341 2102 instructus
351 2065 412 2102 eum
425 2045 516 2101 Asiam
526 2063 652 2116 occupare
661 2047 802 2110 statuisset,
810 2046 887 2099 itera-

77 2132 107 2176 to
124 2121 297 2186 Ptolemaeus,
314 2122 437 2177 Seleucus
452 2130 477 2176 et
490 2121 675 2194 Lysimachus,
689 2120 788 2192 experti
801 2120 887 2204 priore

78 2197 233 2261 certamine,
250 2205 363 2268 quantae
373 2215 442 2251 vrres
452 2205 539 2250 essent
549 2193 709 2255 concordiae
721 2202 795 2266 pecte
805 2211 888 2248 soere-

81 2280 133 2326 tate
147 2271 324 2356 adunatisque
340 2271 498 2326 exercitibus
512 2269 612 2325 bellurn
624 2268 750 2323 adversus
760 2269 890 2322 Demetri·

78 2365 127 2401 um
144 2344 323 2400 transferunt'
316 2365 342 2399 1n
353 2343 688 2417 Europam.H1sccmrtem
699 2363 728 2398 se
737 2352 762 2398 et
771 2342 833 2398 belli
844 2361 888 2398 so-

78 2421 153 2474 cium
165 2421 254 2494 iungit
263 2421 391 2494 Pyrrhus,
408 2439 455 2475 rex
467 2419 551 2490 Epiri,
566 2436 675 2490 sperans
686 2437 738 2473 non
751 2413 887 2472 'difficilius

77 2496 244 2550 Demetrium
259 2495 375 2549 amittere
385 2495 563 2550 Macedoniarn
572 2510 650 2564 posse
659 2512 740 2565 quam
753 2491 888 2562 adquisie-

76 2579 130 2624 rat
153 2572 207 2624 Nec
217 2587 278 2640 spes
288 2569 384 2624 frustra
395 2568 460 2624 suit:
471 2568 571 2641 quippe
579 2569 694 2622 exercitu
704 2568 886 2632 eiusoorrupta

73 2645 194 2718 ipsoque
213 2645 241 2700 in
255 2644 348 2762 fugam
363 2651 418 2699 acto
433 2659 546 2716 regnum
560 2641 725 2696 Macedoniae
737 2636 885 2706 occupavit
