1984 3010
124 110 172 178 tto
353 115 506 160 1usu1u1
527 113 684 160 amaon.

117 219 210 283 opibus
222 212 255 287 [at
266 211 407 286 laboribus]
417 219 585 283 adversisque
594 218 734 268 rabuscula
746 217 919 268 commutatio·

121 308 177 345 uem
192 292 346 356 sipaificnri.
376 287 419 340 Sic
433 287 571 342 consolatis
586 287 715 346 militibus
729 288 870 342 universas
881 303 922 342 ua-

120 381 165 420 ves
180 363 356 416 consentiente
373 363 488 416 exercitu
505 363 609 417 incendi
629 363 708 426 iubet,
729 369 758 415 ut
773 362 923 416 omnessci-
971 421 972 428 ,

120 445 177 492 rent
192 437 292 491 auxilio
307 436 384 509 lagae
398 436 501 492 ademto
516 445 562 492 aut
580 437 740 492 vincendum
756 445 802 490 arat
812 437 922 490 morien·
971 447 972 494 t

117 511 186 565 dum
203 529 270 566 esse.
303 511 402 566 Deinde
416 530 501 583 quum
512 513 610 576 omnia,
623 529 794 584 quacumque
805 511 923 584 ingrede·
971 495 972 564 i

117 594 225 651 rentur,
246 594 447 658 prosternerent,
472 587 550 642 villas
569 586 726 657 castellaque
746 587 921 648 incenderent,
971 599 972 662 t

118 661 219 716 obvius
230 663 267 716 eis
278 661 328 716 luit
338 679 399 716 carm
410 661 516 734 triginta
528 661 648 718 millibus
659 663 806 715 Poenorum
818 663 921 715 Hanno:
971 675 972 722 ς

118 737 168 790 sed
182 737 279 808 proelio
294 736 434 792 commisso
443 735 496 790 duo
506 735 539 790 de
548 736 653 799 Siculis,
666 735 713 798 tria
724 735 808 790 millia
819 736 852 789 de
867 737 924 790 Poe·

118 811 163 866 uis
177 829 238 866 cum
254 811 387 883 ipsoduce
401 811 525 866 cecidere.
553 812 608 864 Hac
621 809 727 864 victoria
741 818 766 863 et
776 809 922 864 Siculorum
971 855 972 898 a

117 886 204 941 animi
217 889 364 959 eriguntur,
382 894 406 939 et
414 888 561 940 Poenorum
574 885 740 958 franguntur.
770 885 923 958 Agathocles
971 899 972 954 t

120 961 197 1016 victis
213 961 333 1014 hostibus
347 962 427 1030 urbes
440 959 598 1031 castellaque
607 967 751 1033 expugnat,
763 959 876 1032 praedas
885 961 925 1013 in-

119 1043 210 1107 gentes
221 1036 283 1106 agit,
292 1035 407 1088 hostium
415 1035 587 1089 multamillia
595 1033 715 1089 trucidat.
736 1033 825 1088 Castra
833 1034 924 1088 deinde
971 1045 972 1090 l

121 1108 925 1184 inquintolapideaCarthaginestatuit,utdamnacarissima-
971 1115 972 1170 i

120 1200 181 1236 rum
192 1201 280 1240 rerum
292 1184 491 1256 vastitatemque
500 1202 623 1256 agrorum
635 1193 659 1238 et
671 1183 790 1238 incendia
802 1183 924 1238 villarum
971 1203 972 1228 t

119 1256 153 1310 de
163 1258 247 1312 muris
259 1259 424 1328 ipsinsurbis
434 1260 640 1330 specularentur.
662 1259 760 1312 lnterea
771 1258 866 1332 ingens
877 1267 924 1312 tota
971 1247 972 1290 ³

120 1330 207 1387 Alrica
218 1332 295 1387 deleti
311 1335 456 1388 Poenorum
468 1335 597 1394 exercitus
607 1331 676 1388 lama
686 1341 925 1406 occupatarumque
971 1327 972 1366 t

121 1407 230 1462 urbium
247 1407 410 1481 divulgatur.
436 1407 532 1479 Stupor
549 1409 637 1478 itaque
645 1425 736 1462 omues
750 1415 776 1460 et
789 1408 925 1462 admiratio

121 1481 237 1548 incessit,
251 1483 322 1538 unde
332 1492 402 1537 tanto
415 1483 525 1554 imperio
539 1491 591 1536 tam
606 1482 725 1536 subitum
732 1481 844 1545 bellum,
854 1499 927 1552 prae-

120 1558 212 1612 sertim
222 1559 255 1612 ah
267 1559 339 1612 hoste
350 1558 400 1612 iam
413 1556 639 1628 victo;admiratio
648 1555 742 1610 deinde
755 1555 892 1626 paullatim
900 1557 925 1609 in

121 1641 283 1688 contemtum
294 1635 440 1687 Poenorum
448 1633 565 1686 vertitur.
586 1629 639 1684 Nec
649 1637 732 1684 multo
742 1639 802 1702 post
812 1629 925 1686 nouhlri

121 1715 234 1771 tantum,
248 1725 340 1760 verum
351 1705 926 1774 etiamurhesnobilissimaenovitatemsecu-

121 1789 161 1836 tae
174 1782 208 1834 ad
227 1780 396 1852 Agathoclem
413 1780 541 1850 deiecere‚·
564 1781 784 1852 frumentoqueet
797 1780 926 1853 stipendio

121 1855 414 1914 victoremiustruxere.
512 1851 521 1860 “
886 1911 891 1920 ,

176 1929 245 1984 Car.
268 1929 321 1983 Vll.
351 1929 397 1982 llis
417 1930 563 1982 Poenorum
584 1925 661 1986 malis
683 1929 761 1984 etiam
779 1929 880 1984 deletus
899 1929 925 1982 iu

119 2002 209 2058 Sicilia
230 2021 291 2058 cum
312 2003 467 2075 imperatore
487 2005 617 2058 exercitus
637 2003 709 2057 velut
725 2005 836 2075 quidam
852 2021 926 2058 aeru-

121 2097 245 2134 mnarum
266 2079 391 2137 cumulus
406 2079 521 2134 accessit.
552 2080 619 2134 Nam
633 2087 692 2152 post
708 2078 893 2150 prosectionem
912 2095 926 2130 a

122 2153 210 2208 Sicilia
224 2154 376 2228 Agathoclis
392 2154 417 2207 iu
434 2153 570 2208 obsidione
584 2153 777 2226 Syracusarum
794 2153 872 2208 Poeni
886 2170 928 2206 se-

121 2229 226 2299 gniores
246 2229 349 2296 redditi,
375 2229 408 2282 ab
430 2227 573 2292 Antandro,
589 2225 746 2302 fratreregis
763 2226 924 2300 Agathoclis,

121 2301 256 2356 occidione
265 2305 332 2372 caes-i
348 2304 544 2358 nuntiabantur.
566 2301 835 2374 ltaquequumdomi
852 2301 928 2356 loris·
971 2293 972 2372 l

60 2427 63 2432 ,
120 2375 273 2441 queeadem
283 2375 386 2432 fortuna
398 2375 656 2450 Carthaginiensium
669 2385 745 2440 esset,
758 2375 811 2430 iam
824 2375 928 2431 nontri-

120 2445 240 2498 buteriae
253 2454 355 2501 tantiam
371 2451 404 2502 ah
424 2451 465 2502 his
481 2450 569 2512 urheS,
584 2468 675 2504 verum
689 2451 766 2504 etiam
778 2452 843 2506 socii
855 2467 927 2522 reges

118 2515 284 2584 deficiebant,
306 2521 481 2576 amicitiarum
500 2523 558 2576 iura
580 2542 633 2578 non
656 2523 716 2584 fide.
738 2524 786 2578 sed
800 2542 926 2580 successu
971 2561 972 2582 i

118 2589 301 2654 ponderantes.
330 2593 393 2646 Erat
405 2595 472 2648 inter
484 2605 580 2651 eeteros
592 2616 638 2652 rex
651 2597 818 2671 Cyrenarum
829 2595 930 2670 Ophel-
971 2591 972 2658 l

203 2674 215 2698 0
