2044 3028
273 142 278 158 ⁵
308 183 381 229 nte.
401 181 526 230 xxxix.
552 185 629 230 cau.
652 184 674 252 a.
840 179 892 235 ate

87 283 189 338 hostem
203 289 272 336 esset
284 282 419 338 habitura·
449 284 533 357 Igitur
545 303 630 357 quum
645 285 751 356 pronior
764 287 792 341 in
806 288 893 342 mino

10 367 11 370 ’
87 361 144 413 'rem
153 357 324 422 filiumesset,
335 377 351 412 a
361 358 460 430 populo
469 359 771 430 compelliturmaiore'm
781 361 890 435 eligere:

87 433 131 488 oui
149 432 226 504 prius
239 448 321 504 quam
340 441 453 506 regnum
467 433 548 498 daret,
561 449 674 488 uxorem
688 435 810 504 adomim*
821 438 892 491 oom-

86 507 251 635 pulsumrpue
265 507 403 578 repudiare
416 508 650 563 carissimamsibi
660 523 773 564 sororem
784 510 892 582 Cleopa-

87 590 164 648 tram,
176 599 204 636 m
218 585 310 636 norem
318 597 432 637 sororem
443 582 553 638 Selenen
567 583 662 638 dunare
673 585 755 650 iubata
771 603 824 640 non
836 603 893 641 rna·

87 666 162 712 terno
174 657 242 711 inter
251 657 320 714 filias
330 657 436 722 indicio,
449 672 534 730 quum
550 657 624 713 alteri
636 660 761 713 maritum
772 663 890 732 eriperet,

87 732 162 788 alteri
181 731 260 786 daret.
291 732 342 787 Sed
356 732 491 804 Cleopatra
506 740 626 788 nontam
641 733 727 788 aviro
746 735 891 805 repudiata,

87 823 169 880 quam
189 825 204 862 a
223 813 307 862 matre
325 807 438 863 divortio
450 807 501 862 viri
515 808 625 862 dimissa
635 807 764 882 Cyziceno
778 810 805 864 in
816 809 893 884 Syria
913 809 915 814 ‘

87 883 179 950 nubit3
206 882 283 954 eique
294 899 327 937 ne
337 881 441 937 nudum
453 883 545 938 uxoris
555 895 651 938 nomen
662 883 780 948 adferret,
793 885 894 939 exerei—

86 965 146 1012 turn
153 957 238 1032 Grypi
249 956 414 1012 sollicitatum
427 956 500 1012 uelut
508 957 620 1013 dotalem
631 957 664 1012 ad
673 959 799 1022 maritum
810 959 894 1014 dedu-

10 1051 11 1054 *
86 1030 146 1086 oitt'
164 1033 213 1086 Par
224 1032 305 1104 igitur
317 1033 422 1088 viribus
428 1032 515 1087 fratris
525 1033 672 1107 Cyzicenus
682 1033 812 1105 proelium
822 1037 893 1090 oom'·

87 1107 176 1171 mittit,
190 1123 220 1161 ae
230 1103 315 1161 vietus
326 1108 354 1162 in
366 1107 456 1182 largam
466 1107 801 1180 vertiturrlntio'ohiamque
810 1110 891 1166 venit.

88 1181 349 1236 Tunotlntioohiam
364 1182 482 1257 GrypuS,
503 1183 530 1237 in
552 1201 605 1255 qua
617 1191 673 1238 arat
683 1184 806 1258 Cyziceni
825 1191 894 1240 uxor

88 1256 232 1328 Cleopatra,
248 1255 369 1311 obsidere
382 1259 479 1329 ooepit:
501 1273 554 1330 qua
565 1269 639 1330 capta
649 1259 814 1332 Tryphaena,
826 1277 894 1315 uxor

87 1332 182 1406 Grypi,
195 1331 261 1386 nihil
272 1332 409 1404 antiquius
419 1348 499 1405 quam
511 1339 627 1387 sororem
632 1333 793 1404 Cleopatram
803 1337 894 1406 requi-

86 1407 110 1460 ri
121 1407 213 1474 iussit;
235 1423 288 1462 non
308 1414 338 1461 ut
350 1407 469 1478 captivae
488 1419 568 1479 opem·
580 1407 665 1474 ferret,
680 1409 768 1462 sedne
781 1409 894 1482 effugere

86 1481 246 1553 captivitatis
264 1481 334 1548 mala
355 1489 449 1553 posset,
469 1497 538 1554 quae
557 1483 600 1538 sui
614 1483 787 1538 aemulatione
801 1484 895 1538 inhoo

86 1555 258 1630 potissimum
268 1573 380 1630 regnum
391 1557 525 1624 invaserit,
532 1557 655 1632 hostique
665 1557 761 1612 sororis
771 1558 895 1613 nubendo

87 1633 190 1686 hostem
207 1649 235 1686 se
249 1631 310 1686 eius*
320 1631 452 1686 elleoerit.'
469 1631 537 1686 Tum
553 1633 705 1708 peregrinos
725 1631 894 1688 exereitusin

86 1706 230 1761 certamina
251 1705 361 1762 fratrum
381 1705 516 1774 adductos,
532 1715 588 1762 turn
608 1707 772 1779 repudiatam
787 1725 802 1762 a
816 1706 894 1762 iratro

88 1790 178 1837 contra
189 1781 448 1837 matrisroluntatem
458 1789 531 1837 extra
537 1782 687 1856 Aegyptum
698 1787 809 1854 nuptam
819 1799 896 1838 aecu-

87 1863 138 1913 sat.
165 1856 260 1912 Contra
270 1856 378 1932 Grypus
389 1875 470 1922 orare,
482 1877 514 1912 mr
524 1867 577 1912 tam
586 1861 688 1932 foedum
696 1863 801 1928 sueinus
809 1863 896 1928 sonere

88 1941 214 2002 conatur.-
228 1949 246 1986 o
254 1935 328 1986 nullo
337 1935 460 2003 umquam
469 1937 598 1987 motorum
607 1949 714 1988 suorum
724 1939 792 1988 inter
803 1942 839 1987 tot
849 1938 896 1987 oio-

86 2011 205 2070 meatim,
218 2013 254 2062 tot
263 2015 374 2063 aeterno
384 2011 459 2072 teitu,
467 2017 526 2076 post
534 2012 672 2062 victoriam
681 2011 709 2062 in
718 2013 829 2078 seratum
838 2026 897 2062 sne-

86 2086 181 2146 oimm,
199 2097 265 2150 quaa
278 2096 357 2138 sexus
370 2088 427 2152 ipae
440 2093 463 2138 et
474 2085 603 2152 parientia
616 2085 739 2137 beliorum
753 2091 777 2136 at
786 2087 898 2138 saevitia

86 2162 220 2214 uictorum
233 2160 346 2226 enimam
366 2162 395 2212 in
410 2161 459 2213 tao
470 2175 531 2212 uero
537 2167 645 2226 praeter
657 2173 787 2212 commune
798 2159 896 2212 telinu-

88 2237 155 2288 ttum
163 2236 208 2302 {aa
216 2235 339 2286 accedere
349 2237 560 2288 necessitudinem
567 2237 718 2302 nauminia:
729 2237 823 2301 quippe
832 2237 897 2300 ipri-

87 2323 129 2372 m,
144 2323 214 2378 quae
227 2314 281 2361 tam
296 2316 401 2362 eruenta
413 2313 522 2372 saeviat,
537 2325 653 2362 amorem
667 2311 783 2376 equidem
795 2323 898 2375 qemun-

87 2399 151 2438 unm
171 2397 234 2445 esse,
256 2388 331 2437 mam
349 2399 410 2438 vero
432 2383 626 2451 consobrinum
651 2385 791 2436 liberorum
807 2385 899 2436 deiude

89 2458 265 2512 communium
277 2465 454 2512 materteram.
485 2457 532 2510 His
542 2464 578 2510 tot
589 2454 828 2510 necessitudinibus
838 2473 899 2508 san-

86 2531 182 2606 guinis
196 2529 286 2585 adiioit
300 2531 513 2602 superstitionem
527 2530 627 2602 templi,
641 2547 695 2602 quo
708 2528 795 2585 abdita
809 2527 900 2600 prolu-

86 2607 171 2680 gerit:
195 2615 318 2674 tantoque
327 2609 476 2675 reiipioains
487 2609 605 2660 colendos
614 2609 665 2660 atti
675 2609 742 2669 deos,
755 2621 805 2674 quo
816 2608 901 2671 mopia

86 2686 131 2738 his
138 2682 264 2751 propitiis
274 2699 307 2736 no
315 2683 461 2751 laventibus
471 2685 588 2749 vicissem
603 2690 656 2736 tum
665 2695 746 2749 oeque
756 2681 842 2733 occisa
852 2679 901 2731 itio
