2022 3010
349 201 416 246 urs.
436 201 470 246 11.
501 201 579 247 cnr.
600 203 626 246 e.
761 189 765 200 '
854 196 882 248 at

81 300 156 373 quod
174 299 348 354 Athenienses
367 299 447 354 Ioniis
464 299 596 354 auxilium
611 307 699 354 contra
713 318 741 356 se
755 300 885 367 tulissent,

81 393 189 430 omnem
201 375 331 444 impetum
341 375 403 428 belli
414 376 441 429 in
452 393 496 428 eos
506 375 642 429 convertit.

107 519 110 524 μ
138 450 208 504 Car.
220 449 266 504 VI.
287 451 378 515 Nunc,
400 449 527 521 quoniam
547 448 580 503 ad
601 449 670 504 bellu
683 449 887 504 Atheniensium

83 533 193 579 ventum
204 533 253 588 est,
265 541 333 594 quae
348 542 398 578 non
411 528 488 578 modo
501 523 568 579 ultra
578 541 652 594 spem
662 522 779 596 gerendi,
793 542 887 578 verum

83 599 162 653 etiarn
178 597 247 652 ultra
261 599 327 670 gesti
338 598 427 663 tidem,
442 605 540 669 patrata
552 607 623 662 sunt,
637 614 767 670 operaque
777 597 888 652 Atheni-

84 673 190 727 ensium
204 672 295 726 ellectu
310 673 417 737 maiora,
430 689 512 744 quam
524 680 592 737 voto,
603 671 690 728 luere:
709 673 802 744 paucis
812 673 887 727 urbis

84 748 158 820 origo
168 747 305 818 repetenda
315 755 366 815 est,
389 747 452 819 quia
466 764 529 810 non,
545 754 574 800 ut
586 755 683 800 ceterae
695 763 794 822 gentes,
807 765 887 801 asor-

85 822 156 876 didis
167 821 249 875 initiis
260 821 293 876 ad
302 839 407 876 summa
417 839 534 876 crevere:
555 820 604 874 soli
614 822 693 886 enim,
705 830 888 892 praeterquam

85 889 256 960 incremento,
273 896 350 950 etiam
364 896 465 968 origine
479 894 639 968 gloriantur,
665 896 764 966 quippe
774 911 827 949 non
841 895 889 950 add

86 987 177 1034 venae,
190 987 276 1042 neque
289 971 389 1041 passim
399 969 503 1025 collecta
517 970 609 1040 populi
619 968 745 1026 colluvies
758 970 887 1042 originem

85 1045 147 1100 urbi
168 1044 248 1108 dedit,
270 1045 315 1098 sed
329 1045 420 1098 eodem
440 1044 522 1099 innati
537 1044 606 1108 solo,
623 1045 695 1116 quod
711 1045 841 1110 incolunt3
863 1052 889 1098 et

86 1137 156 1192 quae
174 1119 227 1172 illis
240 1119 324 1183 sedeS,
339 1119 430 1173 eedem
440 1119 570 1192 crigoest.
591 1120 672 1172 Primi
687 1119 793 1173 lanificii
804 1126 828 1172 et
837 1119 888 1174 clei

85 1202 111 1246 et
126 1193 182 1247 viui
198 1209 278 1246 usum
291 1193 408 1247 docuere.
438 1197 519 1247 Arare
528 1211 634 1265 quoque
644 1201 668 1247 et
677 1211 761 1247 serere
771 1193 889 1248 frumeu—

86 1276 111 1322 ta
126 1263 250 1340 glandem
264 1269 430 1322 vescentibus
447 1275 635 1322 monstrarunt.
665 1269 765 1322 Literae
779 1276 845 1322 certe
859 1281 889 1322 ac

85 1341 219 1406 facundia,
231 1349 255 1394 et
265 1341 308 1396 hio
316 1342 402 1397 civilis
412 1341 475 1396 ordo
485 1341 646 1412 disciplinae,
662 1342 744 1397 veluti
760 1342 888 1413 templum

86 1416 204 1471 Athenas
218 1415 325 1471 habent.
354 1416 422 1470 Ante
435 1416 729 1488 Deucalione-tempora
739 1434 828 1488 regem
841 1416 890 1470 ha-

85 1491 169 1545 buere
186 1489 330 1561 Cecropen:
355 1509 449 1562 quem,
468 1499 498 1544 ut
511 1491 598 1545 omnis
612 1491 755 1562 antiquitas
770 1490 889 1544 fabulosa

86 1573 135 1630 est,
150 1563 291 1619 biformem
308 1565 449 1630 tradidere,
466 1565 529 1637 quia
543 1565 647 1636 primus
661 1582 760 1618 marem
771 1563 890 1618 deminae

87 1639 256 1694 matrimonio
266 1639 363 1695 iunxit.
393 1639 593 1695 lluicsuccessit
603 1639 729 1702 Crenaus,
746 1639 823 1692 cuius
836 1638 890 1691 filia

87 1715 175 1769 Atthis
185 1714 286 1786 regioni
296 1731 391 1768 nomen
400 1714 481 1768 dedit.
512 1716 573 1768 Post
582 1713 839 1787 huncAmphictyon
850 1729 891 1766 re-

87 1789 190 1861 guavit,
202 1789 251 1859 qui
263 1788 366 1858 primus
379 1789 511 1843 Minervae
521 1788 615 1842 urbem
626 1788 746 1853 sacravit,
758 1795 783 1842 et
794 1806 890 1842 nomen

87 1863 187 1918 civitati
201 1863 317 1917 Athenas
331 1863 409 1917 dedit.
438 1863 524 1918 Huius
539 1863 701 1934 temporibus
714 1881 844 1934 aquarum
858 1862 891 1916 il-

90 1937 175 1992 luvies
190 1937 316 1990 maiorem
330 1946 430 2008 partem
445 1937 603 2008 populorum
614 1937 736 1992 Graeciae
748 1938 888 1992 absumsit.

87 2009 290 2082 Superiuerunt,
303 2030 369 2084 quos
380 2011 481 2085 refugia
492 2013 620 2066 montium
632 2020 793 2083 receperunt,
802 2020 847 2067 aut
857 2011 890 2066 ad

87 2103 178 2158 regem
198 2085 347 2140 Thessaliae
365 2086 548 2142 Deucalionem
567 2087 668 2142 ratibus
687 2087 769 2141 evecti
787 2095 858 2151 sunt,
876 2105 890 2140 a

87 2177 143 2232 quc
156 2168 292 2231 propterea
305 2179 390 2234 genus
402 2161 542 2222 hominum
559 2161 693 2216 conditum
708 2160 814 2214 dicitur.
843 2162 892 2214 Per
916 2177 921 2187 ¹

86 2235 209 2290 ordinem
217 2235 311 2290 deinde
317 2237 489 2290 successionis
498 2253 610 2310 regnum
621 2236 654 2289 ad
662 2233 838 2289 Erechtheum
846 2235 893 2290 de-

86 2309 199 2374 scendit,
212 2311 263 2363 sub
273 2327 327 2382 quo
337 2310 460 2365 frumenti
472 2311 537 2366 satio
546 2311 617 2382 apud
627 2309 735 2364 Eleusin
745 2309 893 2381 aTriptole-

87 2401 133 2439 mo
143 2391 244 2454 reperta
254 2392 305 2452 est,
328 2386 355 2439 in
366 2386 442 2439 cuius
457 2386 576 2440 muneris
586 2386 711 2439 honorem
723 2392 810 2440 noctes
820 2386 892 2440 initi·
924 2439 926 2444 ,

86 2476 167 2514 orum
179 2467 302 2513 sacratae.
328 2460 422 2514 Tenuit
431 2468 455 2513 et
465 2459 578 2532 Aegeus,
586 2460 679 2513 Thesei
689 2467 770 2530 pater,
782 2460 895 2514 Athenis,

8 2597 10 2602 Ι
88 2550 213 2607 regnum,
231 2551 245 2586 a
260 2551 315 2604 quo
328 2551 374 2604 por
384 2533 527 2588 divortium
540 2533 667 2588 decedens
677 2533 776 2597 Medea,
789 2541 893 2602 propter

87 2607 208 2662 adultam
220 2607 339 2680 privigni
354 2614 472 2672 aetatem,
488 2607 600 2664 ‘Colchos
613 2625 674 2661 curn
688 2607 774 2663 Medio
785 2604 847 2668 ulio,
861 2621 894 2658 ex

86 2682 176 2755 Aegeo
198 2690 329 2754 suscepto,
345 2682 482 2738 concessit.
512 2684 572 2736 Post
584 2681 702 2754 Aegeum
722 2680 849 2740 Theseus,
865 2693 895 2728 ao
