1984 3010
90 157 137 210 {50
321 160 470 206 IUSTINI
492 158 648 206 HISTOR.

86 260 302 318 concurrentibus
328 260 453 332 gentibus
475 259 551 316 brevi
577 266 602 314 et
620 257 736 331 populus
754 264 780 313 et
797 258 891 314 civitas

87 354 183 410 magna
194 333 268 387 facta.

142 410 210 464 Car.
231 409 276 462 Vl.
297 407 387 473 Quum
405 425 528 462 successu
543 425 630 462 rerum
644 406 765 462 florentes
782 407 893 464 Cartha-

86 485 157 558 ginis
167 501 229 554 opes
238 490 333 547 essent,
348 501 393 536 rex
406 484 597 538 Manitanorum
610 483 720 537 Hiarbas
731 483 822 538 decem
829 485 893 538 Poe-

87 576 182 614 norum
200 557 365 628 principibus
380 557 414 611 ad
430 575 458 612 se
475 557 604 621 arcessitis
613 557 714 612 Elissae
723 557 831 628 nuptias
840 559 892 612 sub
979 609 980 628 ἶ

87 633 150 688 belli
170 632 366 688 denuntiatione
379 633 449 704 petit.
479 632 556 698 Quod
576 631 654 705 legati
671 632 779 704 reginae
797 631 893 686 referre
979 633 980 702 1

87 715 233 763 metuentes
249 707 347 762 Punico
362 725 423 762 cum
438 725 468 760 ea
482 707 589 780 ingenio
603 714 721 780 egerunt,
738 707 892 762 nuntiantes
979 709 980 750 t

88 787 291 853 repemcliquem
293 801 408 852 poscere,
416 787 461 852 qui
471 785 593 836 cultiores
602 788 686 836 victus
695 799 753 836 eam
762 782 892 850 Afrosque
979 785 980 804 ¹

85 863 242 927 perdoceat:
262 863 306 912 sed
316 876 389 926 quem
404 861 518 911 inueniri
529 873 612 924 posse,
628 861 674 925 qai
683 859 718 909 ad
728 859 856 910 barbaros
869 865 893 910 et
979 863 980 926 ζ

88 939 206 1002 ferarum
225 951 295 986 more
308 938 421 986 cicentes
437 935 550 985 transire
566 949 583 984 a
599 935 797 998 cortscapuiaer'e
811 929 893 985 velit?
979 927 980 986 ἶ

88 1009 186 1062 Tunca
197 1007 287 1078 regina
298 1005 423 1078 castigati,
435 1010 459 1061 si
468 1022 517 1074 pro
526 1008 610 1060 salute
618 1010 723 1074 patriae
732 1009 894 1072 asperiorem
979 1053 980 1060 ,

88 1087 170 1137 citam
184 1090 344 1144 recusarent,
363 1085 405 1134 cai
419 1089 497 1134 ettam
507 1085 565 1147 ipsc
574 1085 638 1143 cita,
649 1084 674 1134 si
682 1095 725 1134 ree
735 1083 835 1148 epipct,
848 1084 894 1132 de·
979 1129 980 1132 ,

39 1204 40 1207 ,
89 1161 188 1218 beatur,
205 1155 275 1227 regis
285 1154 407 1208 mandata
418 1171 542 1225 aperuere
551 1153 673 1217 dicentes,
685 1171 751 1224 quae
758 1159 895 1222 praecipi·
979 1151 980 1214 ξ

88 1239 116 1284 at
130 1233 201 1292 aliie,
218 1233 270 1296 ipat
282 1232 404 1297 facienda
418 1247 479 1292 esse,
496 1233 521 1283 ar*
535 1231 596 1284 vetit
605 1232 665 1282 urbi
676 1232 821 1282 coasultum
831 1246 893 1282 esse.

88 1305 142 1358 Hoc
154 1302 214 1356 dolo
223 1311 297 1374 capta
308 1302 423 1358 Acerbae
433 1303 484 1358 viri
494 1303 600 1358 nomine
613 1320 674 1356 cum
680 1302 895 1358 multislacrimis
979 1315 980 1320 ’

88 1385 113 1432 et
123 1377 306 1434 lamentatione
315 1377 396 1432 flebili
406 1378 524 1433 invocato
535 1378 568 1432 ad
577 1385 739 1448 postremum
749 1382 848 1434 ituram
857 1395 894 1442 ae,

90 1471 140 1522 quc
153 1471 217 1509 scae
231 1457 305 1508 crois
318 1459 376 1523 [cte
389 1462 521 1516 occarent,
538 1452 681 1525 rospondit.
711 1453 742 1505 ln
752 1452 802 1505 hoo
813 1453 896 1506 trium

89 1528 224 1582 mensium
237 1535 325 1584 sumto
339 1529 431 1600 spatio,
448 1545 514 1601 pyra
529 1529 557 1582 in
572 1527 665 1581 ultima
680 1533 751 1598 parte
761 1526 836 1581 urbis
847 1544 897 1581 ex-

89 1612 200 1669 structa,
227 1603 300 1658 velut
319 1603 452 1675 placatura
472 1603 523 1656 viri
542 1619 632 1658 inanes
655 1600 815 1672 inferiasque
834 1611 897 1654 ante

91 1679 196 1748 nuptias
215 1679 330 1732 missura
344 1678 441 1732 multas
455 1677 553 1730 hostias
567 1676 651 1732 caedit
664 1683 690 1730 et
702 1683 790 1729 sumto
804 1673 896 1747 gladio

89 1770 185 1824 pyram
195 1752 444 1823 conscendit;atque
456 1751 491 1805 ita
501 1751 534 1806 ad
544 1751 674 1823 populum
685 1749 827 1820 respiciens
837 1755 894 1804 itu-

90 1844 149 1880 ram
168 1843 195 1879 re
213 1829 249 1880 ad
266 1832 361 1890 otram,
377 1833 446 1880 sicet
457 1834 653 1894 praeceperant,
672 1824 740 1878 dixit
757 1824 897 1896 vitamque

89 1898 177 1972 gladio
191 1899 287 1953 tinivit.
317 1898 450 1964 Quamdiu
466 1899 596 1974 Carthago
610 1900 706 1954 invicta
717 1898 775 1964 fuit,
787 1899 895 1970 prodes

90 1973 159 2028 culta
169 1980 217 2030 est.
248 1973 358 2028 Condita
378 1981 416 2028 est
434 1974 499 2028 urbs
519 1975 584 2030 haec
603 1974 768 2047 septuaginta
787 1972 895 2028 duobus

90 2049 168 2106 annis
182 2055 242 2104 anto
256 2066 337 2120 quam
353 2050 449 2104 Roma:
471 2050 548 2104 cuius
563 2049 648 2104 virtus
661 2049 729 2103 sicut
744 2047 814 2103 bello
823 2047 895 2104 clara

90 2124 148 2189 fuit,
165 2123 200 2179 ita
215 2123 286 2178 domi
301 2131 383 2179 status
398 2123 479 2178 variis
493 2124 683 2179 discordiarum
695 2123 801 2178 casibus
811 2123 897 2196 agita-

91 2207 192 2253 tuaest.
218 2199 308 2268 Quum
319 2200 385 2254 inter
395 2207 476 2253 cetera
488 2198 645 2255 molestiam
654 2206 725 2268 peste
735 2197 894 2260 laborarent,

91 2282 197 2326 cruenta
220 2291 354 2329 sacrorum
374 2273 499 2347 religione
517 2281 543 2328 ot
555 2273 650 2328 scelere
664 2289 712 2342 pro
725 2272 841 2327 remedio
852 2289 897 2327 usi

90 2353 167 2397 sunt:
194 2347 294 2416 quippe
315 2348 436 2402 homines
461 2356 490 2402 ut
514 2348 634 2402 victimas
656 2347 842 2414 immolabant3
871 2354 898 2400 et

90 2417 256 2484 impuberes,
279 2436 348 2488 quae
367 2429 435 2474 aetas
453 2423 531 2476 etiam
549 2422 666 2476 hostium
686 2420 898 2476 misericordiam

87 2496 221 2554 provocat,
239 2491 290 2543 aris
301 2493 483 2558 admovebant,
496 2513 586 2566 pacem
597 2496 705 2553 deorum
716 2503 899 2568 exposcentes,

89 2573 138 2626 pro
148 2577 264 2630 quorum
274 2564 327 2618 vita
338 2565 375 2618 dii
386 2568 471 2638 rogari
481 2571 597 2624 maxime
606 2569 699 2624 solent.

145 2631 214 2686 Car.
235 2635 292 2692 vn.
313 2639 404 2708 ltaque
413 2640 531 2697 adversis
540 2651 611 2698 tanto
620 2643 716 2699 scelere
725 2643 903 2710 numinibus,
