2044 3028
304 207 374 254 mu.
394 207 461 255 XLI.
492 209 576 256 CAP„
597 211 620 254 1.
816 205 870 256 253

292 461 489 518 nruan
538 427 690 536 nnn¹
774 484 776 490 ,
858 493 859 498 Ν

360 595 567 604 οα-ι--ι--ιιι

358 605 567 618 ψ-

58 680 136 718 Ano.
159 680 209 727 cip.
229 678 426 716 1-4.1³·nnonrm
445 691 528 726 ragnum
546 686 566 714 et
584 693 615 716 res
634 686 706 727 gestae.
735 682 754 716 5.
771 680 864 716 Arsaces.

207 744 226 777 6.
237 741 350 780 Bactriana.
369 741 490 778 Parthorum
498 754 543 778 oum
551 741 617 780 Medis
628 741 710 780 bellurn.

115 823 142 887 C
148 849 189 887 nr.
213 833 234 886 l.
255 831 353 897 Parthi,
374 849 455 903 penos
474 849 542 905 quos
557 830 630 888 velut
648 830 779 886 divisione
792 831 864 888 orbis

9 911 10 970 j
56 925 121 962 oum
131 907 258 961 Romanis
269 905 334 962 lacta
344 905 536 962 nunoOrientis
546 907 689 978 imperium
699 906 866 998 estswha·

9 1021 10 1024 η
57 996 120 1036 rum
131 981 237 1036 exsules
247 981 329 1036 luere.
359 983 413 1036 Hoc
422 981 500 1036 etiam
511 982 629 1052 ipsorum
639 981 767 1038 vocabulo
778 983 864 1036 mani-

9 1113 10 1120 *
58 1056 181 1111 testatur:
203 1074 265 1110 nam
277 1055 400 1130 Scythico
414 1065 533 1112 sermone
546 1055 634 1110 Parthi
649 1054 755 1110 exsules
768 1055 864 1112 dicun·
949 1080 952 1084 ·

9 1169 10 1174 κ
58 1142 110 1186 tur.
141 1130 174 1185 lli
193 1138 218 1184 et
236 1131 406 1205 Assyriorum
425 1139 451 1186 et
465 1131 601 1188 Medorum
618 1131 781 1202 temporibus
796 1132 864 1186 inter

9 1203 10 1206 ’
55 1205 172 1260 Orientis
194 1205 306 1277 populos
324 1206 512 1261 obscurissimi·
526 1204 605 1260 luere.
635 1207 725 1262 Postea
744 1224 861 1278 quoque,

55 1297 145 1354 quum
159 1280 303 1352 imperium
312 1279 426 1336 Orientis
439 1281 549 1337 allodis
559 1281 592 1335 ad
602 1283 694 1336 Persas
706 1280 862 1336 translatum

54 1362 104 1420 est,
121 1353 203 1412 veluti
219 1355 319 1429 vulgus
332 1355 390 1410 siue
406 1357 513 1412 nomine
525 1355 620 1427 praeda
634 1357 763 1412 victorum
778 1355 860 1412 lucre.

56 1433 192 1486 Postremo
204 1430 391 1486 Macedonibus
405 1431 566 1502 triumphato
581 1430 685 1486 Oriente
698 1431 859 1486 servierunt:

55 1513 88 1561 ut
96 1505 184 1560 cuivis
193 1504 292 1560 mirum
305 1504 434 1570 videatur,
446 1507 479 1560 ad
490 1513 588 1560 tantam
600 1523 644 1560 eos
655 1504 802 1560 felicitatem
816 1523 862 1576 per
877 1525 879 1530 ·

56 1582 183 1636 virtutem
195 1587 339 1652 provectos,
354 1589 385 1635 ut
393 1581 523 1652 imperent
532 1581 665 1654 gentibus,
684 1580 735 1635 sub
745 1596 865 1651 quarum·

55 1655 170 1726 imperio
180 1655 262 1711 veluti
270 1655 366 1710 servile
376 1654 475 1729 vulgus
485 1653 566 1710 fuere.
587 1655 609 1710 A
620 1655 743 1710 Romanis
754 1671 862 1726 quoquo

55 1731 134 1785 trinis
149 1729 226 1784 bellis
236 1747 283 1801 per
296 1730 428 1786 maximos
439 1730 519 1786 duces
531 1729 722 1784 florentissimis
736 1729 862 1800 tempori-

53 1807 107 1860 bus
118 1804 239 1869 lacessiti,
248 1805 296 1860 soli
306 1805 469 1860 exomnibus
479 1804 603 1878 gentibus
614 1822 665 1861 non
676 1821 751 1876 pares
761 1803 858 1869 solnm,

54 1879 249 1934 verumetiam
264 1880 374 1935 victores
394 1878 477 1934 luere:
499 1895 664 1951 quamquam
683 1879 744 1950 plus
761 1877 860 1952 gloriae

52 1956 89 2009 sit
103 1955 172 2030 iuter
186 1954 296 2027 Assyria
311 1962 337 2010 et
346 1953 446 2010 Modica
459 1954 622 2026 Persidaque,
634 1961 774 2010 memorata
784 1953 858 2019 olim,

53 2047 146 2103 regna,
158 2034 184 2082 et
193 2028 425 2100 opulentissimum
435 2028 508 2082 mille
519 2028 626 2082 urbium
633 2028 799 2082 bactrianum
810 2029 860 2082 im-

52 2105 160 2176 perium
173 2120 305 2176 emergere
312 2103 438 2176 potuisse,
451 2119 533 2175 qnam
544 2102 689 2176 longinqua
702 2102 770 2157 bella
781 2103 860 2157 vicis-

52 2195 92 2235 se.
124 2179 256 2232 Praeterea
266 2195 353 2250 quum
372 2178 500 2251 gravibus
510 2177 639 2250 Scythicis
657 2184 683 2231 et
700 2175 859 2232 vicinalibus

53 2253 132 2308 bellis
147 2251 259 2308 adsidue
269 2253 364 2318 vexati,
381 2252 461 2307 variis
480 2251 656 2324 periculorum
671 2251 859 2308 certaminibus

54 2336 226 2400 urgerentur,
243 2327 272 2381 hi
290 2326 439 2382 domesticis
457 2326 631 2382 seditionibus
650 2327 756 2400 Scythia
775 2326 857 2398 pulsi,

52 2402 211 2458 solitudines
226 2401 294 2458 inter
308 2401 467 2476 Hyrcaniam
482 2409 507 2456 et
523 2402 608 2456 Dahas
622 2410 647 2456 et
655 2399 736 2456 Areos
746 2409 773 2456 et
780 2401 860 2473 Spar-

53 2494 102 2532 nos
111 2485 137 2532 et
146 2476 297 2550 Margianos
306 2475 398 2534 furtim
408 2493 576 2548 occupavere.
606 2477 685 2531 Fines
698 2474 792 2531 deinde
806 2493 859 2530 non

52 2551 276 2608 interoedentibus
289 2551 376 2624 primo
385 2551 515 2616 finitimis,
532 2561 619 2622 postea
628 2551 706 2606 etiam
716 2550 861 2622 probiben-

51 2627 127 2682 tibus
140 2627 169 2682 in
183 2633 287 2682 mutum
300 2625 440 2700 protulere,
457 2634 488 2680 ut
504 2643 556 2681 non
571 2626 699 2682 immense
715 2630 816 2679 tantum
829 2639 860 2678 ao

50 2700 185 2774 pmlunda
207 2717 370 2776 camporum,
387 2718 480 2760 verum
499 2701 577 2756 etiam
596 2706 735 2772 praerupta
749 2695 856 2752 collium
