2014 3000
109 183 142 237 5A
344 187 494 235 IUSTINI
511 188 668 234 HISTOR.

108 295 280 364 pugnaretur,
297 289 402 361 tyranni
413 289 569 344 vincuntur:
592 288 652 342 victi
667 287 694 340 in
706 287 797 340 urbem
812 283 909 360 refugi-

108 373 166 429 unt,
183 381 265 435 quam
275 364 430 417 exhaustam
445 363 569 417 caedibus
580 362 636 417 suis
649 363 727 416 etiam
738 361 819 415 armis
829 361 907 432 spoli-

108 445 162 494 ant.
192 437 299 503 Deinde,
316 455 503 509 quumomnes
515 437 686 492 Athenienses
699 436 854 508 proditionis
864 455 907 490 su·

108 520 209 584 spectos
228 513 361 576 haberent,
379 513 526 586 demigrare
540 531 583 568 eos
598 531 631 566 ex
645 513 710 565 urbe
725 511 825 576 iubent,
841 511 906 566 etin

108 587 224 642 brachiis
237 588 317 652 muri,
335 605 404 659 quae
416 588 501 642 diruta
513 587 623 652 inerant,
639 586 765 650 habitare,
779 587 907 640 extraneis

108 661 238 716 militibus
254 663 396 734 imperinm
413 670 520 718 tuentes
559 663 619 716 Post
633 661 697 715 haec
710 660 907 734 Thrasybulum

108 755 288 810 corrumpere,
307 737 412 808 imperii
427 739 572 791 societatem
589 735 753 808 pollicenteS,
770 743 906 790 conantur.

108 812 186 880 Quod
204 831 290 884 quum
310 830 362 866 non
377 813 538 886 contigisset,
555 811 653 866 auxilia
668 829 682 864 a
697 810 908 866 Lacedaemoniis

107 888 236 958 petivere:
257 888 357 959 quibus
367 887 463 952 accitis,
477 887 565 940 iterato
576 885 745 957 proeliantur.
770 887 800 940 ln
813 903 843 940 eo
853 885 910 940 bel-

109 961 233 1018 loCritias
243 970 268 1016 et
279 962 483 1032 Hippomaohns,
492 962 613 1016 omnium
626 969 799 1034 tyrannorum
810 961 908 1016 saevis-

108 1037 179 1102 simi,
192 1035 298 1090 cadunt.

163 1111 234 1165 Car.
246 1111 280 1165 X.
301 1111 398 1165 Ceteris
413 1111 498 1176 victis,
518 1127 603 1182 quum
617 1111 745 1164 exercitus
759 1127 860 1176 eorum,
876 1128 910 1166 ex

109 1185 208 1257 quibus
223 1185 306 1239 maior
320 1203 381 1256 pars
395 1185 595 1241 Atheniensium
610 1193 672 1248 erat,
685 1184 794 1258 ingeret,
812 1203 910 1258 magna

108 1277 171 1314 voce
189 1260 373 1334 Thrasybulus
390 1260 530 1314 exclamat:
555 1260 608 1313 Cur
627 1277 654 1313 se
670 1265 793 1314 victorem
805 1265 911 1328 fugiunt

106 1340 201 1402 potius,
214 1353 292 1403 quum
302 1345 330 1389 ut
339 1341 466 1390 uindicem
477 1339 616 1388 communis
630 1338 757 1388 libertatis
767 1333 910 1390 adiuuent?

111 1409 211 1464 Cinium
227 1413 301 1464 illum
313 1415 475 1464 meminerint
488 1414 577 1472 aetem,
594 1426 646 1462 non
655 1413 765 1462 hostium
775 1427 829 1462 esse
834 1429 843 1476 ;
863 1427 912 1464 nec

108 1501 135 1538 se
154 1489 211 1538 ideo
230 1502 307 1538 urmu
326 1490 433 1552 cepisse,
457 1493 486 1537 ut
505 1487 597 1552 otique
610 1488 687 1537 uictis
701 1488 809 1547 adimat,
822 1489 867 1538 sed
881 1495 912 1538 ut

108 1563 211 1612 ademto
225 1565 359 1613 restituat:
377 1575 441 1612 aare
459 1575 486 1612 se
498 1562 616 1621 dominis,
627 1575 679 1612 non
691 1563 803 1621 ciuitati,
817 1561 912 1612 betium

109 1633 215 1701 inferre.
237 1633 366 1686 Admonet
376 1632 469 1686 deinde
479 1629 650 1704 cognationis
663 1632 761 1705 legum,
773 1650 911 1686 sacrorum

108 1706 300 1771 communiam,
313 1714 369 1760 tum
383 1707 475 1760 vetusti
486 1723 532 1776 per
542 1715 576 1760 tot
586 1706 654 1760 bella
664 1706 826 1761 commilitii:
843 1715 909 1771 orat,

108 1785 280 1834 misereantur
290 1781 522 1845 euentum'ciutum,
532 1786 556 1835 si
566 1791 618 1836 tum
626 1787 755 1849 patienter
765 1787 816 1849 ipsi
825 1789 913 1836 serci-

108 1863 168 1908 ant:
192 1858 302 1908 reddant
319 1858 369 1908 sibi
385 1859 510 1922 putrium,
526 1861 658 1924 occipiunt
678 1859 830 1910 libertatem.
863 1857 914 1910 llis

108 1927 217 1982 vocibus
223 1935 324 1982 tantum
335 1936 483 1999 promotum
494 1937 542 1994 est,
550 1938 580 1984 ut
589 1947 709 1984 reversus
720 1930 747 1984 in
758 1930 852 1984 urbem
863 1947 914 1984 ex-

107 2003 211 2066 ereitus
225 2023 270 2056 xxx
280 2011 405 2076 tyrannos
415 2004 543 2076 emigrare
553 2004 676 2058 Eleusina
688 2005 795 2069 iuberet,
809 2005 914 2060 substi-

109 2079 171 2132 tutis
190 2077 288 2142 decem,
312 2078 359 2148 qni
381 2078 571 2149 rempublicam
595 2087 724 2152 regerent:
756 2080 817 2150 qui,
840 2079 912 2134 nihil

107 2153 228 2223 exemplo
242 2153 336 2224 prioris
349 2151 534 2207 dominationis
543 2154 633 2218 territi,
645 2153 754 2208 eandem
767 2154 837 2208 viam
848 2171 913 2208 oru-

107 2227 220 2280 delitatis
235 2227 351 2300 aggressi
365 2236 437 2282 sunt.
467 2229 536 2282 Dum
549 2227 612 2282 haec
622 2237 758 2300 geruntur,
771 2229 916 2286 nuntiatur

109 2301 309 2366 Lacedaemone,
317 2302 344 2355 in
355 2301 454 2355 bellum
461 2303 632 2357 Athenienses
641 2297 783 2370 exarsisse3
797 2303 916 2374 adquod

107 2374 335 2440 comprimendum
346 2377 489 2430 Pausanias
501 2394 547 2431 rex
557 2377 681 2432 mittitur:
703 2377 750 2448 qui
760 2378 917 2432 misericor-

107 2443 150 2495 dia
163 2447 267 2526 ·exsnh's
286 2449 378 2517 populi
390 2458 533 2520 permotus,
555 2453 667 2522 patriam
686 2451 789 2506 miseris
804 2452 918 2525 ciyibus

107 2518 227 2579 restituit,
246 2527 270 2572 et
284 2520 373 2574 decem
389 2531 514 2594 tyrannos
529 2543 562 2579 ex
577 2526 641 2580 urbe
655 2527 780 2581 Eleusina
794 2527 919 2600 migrare

107 2585 140 2663 ad
152 2596 247 2672 ceteros
257 2591 338 2646 iubet.
364 2594 467 2659 Quibus
479 2599 558 2652 rebus
568 2617 654 2671 quum
663 2619 716 2672 pax
727 2609 822 2655 statuta
832 2611 917 2667 esset,

107 2662 246 2712 interiectis
261 2663 363 2730 diebuS,
381 2679 485 2738 repente
495 2675 600 2744 tyranni
611 2693 663 2730 non
677 2676 768 2731 minus
777 2676 920 2731 restitutos
