1984 3010
328 172 398 216 LIB.
418 173 473 216 ΧΠ.
504 172 582 218 ΟΑΡ.
603 172 628 217 4,
831 167 875 218 lot

73 283 181 340 repuens
195 272 274 324 Darii
284 276 395 338 pelicea·
412 276 651 342 persequendosque
668 290 722 326 esse
735 289 786 336 eos,
803 279 849 342 qui
863 291 882 327 a

74 363 154 415 reque
168 350 315 415 defecerint.
344 346 521 400 Hacoratione
530 346 603 401 velut
612 365 645 401 ex
655 347 756 420 integro
767 347 881 401 incitatis

74 421 191 476 militum
201 419 307 483 animis,
318 421 479 492 Hyrcaniam
491 421 649 494 Mardosque
658 422 774 494 subegit.
805 421 847 476 Ibi
856 422 881 476 ei

74 495 186 550 occurrit
203 493 347 548 Thalestris
360 495 417 550 sive
432 496 575 570 Minithya,
595 496 763 551 Amazonum
777 497 878 570 regina,

74 588 136 626 cum
151 569 272 624 trecentis
282 569 450 636 mulieribus,
463 571 558 643 viginti
568 572 689 643 quinque
699 571 803 625 dierum
813 572 880 625 inter

74 644 279 700 confertissimas
298 651 388 718 gentes
404 645 496 699 itinere
511 643 638 710 confecto,
661 664 693 700 ex
708 663 769 700 reve
784 645 881 700 liberos

74 721 239 794 quaesitura:
261 720 338 774 cuius
352 728 507 792 conspectus
521 720 704 791 adventusque
713 689 882 774 admirationi

73 796 199 851 omnibus
215 793 266 848 fuit
284 804 309 849 et
327 803 431 866 propter
449 795 587 850 insolitum
600 794 707 849 feminis
721 795 842 848 habitum
857 801 883 850 et

73 878 180 944 propter
189 869 335 941 expetitum
345 871 526 926 concubitum.
545 870 586 925 Ob
597 871 647 925 boc
657 869 881 924 tredecimdiebus

72 949 125 1002 otio
138 965 153 1001 a
164 962 226 1018 rege
235 945 311 1010 datie,
329 952 359 999 ut
370 945 426 1000 visa
436 952 474 1000 est
484 954 589 1001 uterum
600 945 732 1018 implesse,
750 945 880 1000 discessit.

72 1024 134 1078 Post
147 1019 378 1076 haec-Alexander
393 1017 514 1075 habitum
528 1039 622 1096 regum
636 1023 776 1076 Persarum
791 1019 882 1074 etdia·

72 1097 150 1152 dema
160 1094 377 1170 insolitumantea
387 1096 495 1169 regibus
503 1096 685 1166 Macedonicis,
693 1097 766 1151 velut
776 1095 881 1169 inleges

72 1189 176 1236 eorum,
191 1188 259 1242 quos
269 1171 376 1235 vicerat,
388 1171 517 1237 transiret,
530 1172 655 1227 adsumit.
685 1171 758 1238 Quae
768 1189 801 1225 ne
811 1171 882 1226 iuvi·

71 1247 176 1302 diosius
190 1245 219 1300 in
232 1263 261 1300 se
275 1263 330 1299 uno
343 1246 568 1317 conspicerentur,
586 1248 684 1302 amicos
698 1265 806 1319 quoque
818 1263 884 1300 suos

71 1322 182 1394 longam
196 1327 297 1376 vestem
312 1328 429 1375 auratam
443 1338 660 1394 purpureamque
672 1339 778 1376 sumere
796 1321 883 1376 iubet.

73 1397 104 1452 Ut
120 1397 219 1452 luxum
229 1413 345 1468 quoque,
360 1396 439 1450 sicuti
447 1396 558 1462 cultum,
574 1399 713 1451 Persarum
723 1397 879 1460 imitaretur,

70 1473 140 1527 inter
159 1470 285 1543 pellicum
305 1471 437 1544 regiarum
454 1489 547 1544 greges
566 1471 660 1528 electae
674 1471 881 1542 pulchritudinis

71 1546 273 1618 nobilitatisque
282 1546 398 1600 noctium
409 1546 480 1601 vices
490 1545 596 1601 dividit.
616 1547 664 1600 His
674 1545 754 1599 rebus
761 1545 882 1617 ingentes

71 1623 215 1694 epularum
225 1629 364 1692 apparatus
374 1622 473 1688 adiicit,
485 1639 519 1676 ne
528 1621 616 1676 ieiuna
627 1628 652 1674 et
660 1620 790 1675 destructa
801 1619 882 1673 luxu·

70 1699 110 1754 ria
125 1696 270 1762 videretur,
286 1697 494 1770 conviviumque
508 1697 583 1752 iuxta
596 1695 696 1770 regiam
709 1694 886 1768 magnificen-

70 1774 136 1828 tiam
148 1771 221 1826 ludis
231 1779 352 1826 exornat:
366 1773 506 1826 immemor
513 1789 631 1844 prorsus,
639 1777 723 1826 tantas
728 1788 790 1842 opes
796 1767 884 1824 amitti

70 1847 115 1902 his
127 1847 258 1911 moribus,
274 1864 326 1901 non
336 1848 427 1918 quaeri
437 1847 528 1903 solere.

128 1922 199 1978 Cae.
216 1922 261 1976 lv.
282 1923 352 1975 Inter
360 1922 425 1976 haec
434 1923 581 1996 indignatio
590 1923 711 1978 omnium
720 1922 780 1977 totis
790 1922 886 1976 castris

70 2004 136 2062 erat,
158 2015 174 2051 a
193 1995 316 2067 Philippo
335 1996 412 2051 illum
431 2005 505 2069 patre
522 2005 625 2052 tantum
645 1998 830 2071 degenerasse,
852 2004 887 2050 ut

69 2073 153 2128 etiam
165 2071 265 2143 patriae
276 2089 371 2126 nomen
381 2074 493 2127 eiuraret
503 2091 641 2144 moresque
652 2075 791 2127 Persarum
802 2070 886 2124 adsu-

70 2155 166 2212 meret,
184 2163 252 2218 quos
264 2153 370 2218 propter
385 2147 448 2202 tales
463 2165 549 2202 mores
565 2149 670 2203 vicerat.
700 2145 752 2202 Sed
766 2161 800 2199 ne
809 2144 885 2200 solus

70 2221 146 2276 vitiis
161 2239 262 2285 eorum,
279 2239 347 2293 quos
362 2223 443 2276 armis
458 2224 605 2297 subegerat,
623 2221 795 2276 succubuisse
809 2220 885 2276 vide-

70 2304 159 2362 retur,
171 2295 303 2350 militibus
313 2314 421 2369 quoque
431 2299 487 2352 suis
496 2299 630 2370 permisit,
642 2297 665 2351 si
675 2313 791 2368 quarum
802 2298 883 2369 capti-

70 2389 171 2426 varum
185 2372 376 2427 consuetudine
385 2379 542 2438 tenerentur,
555 2373 650 2427 ducere
660 2390 771 2427 vixeras:
792 2374 884 2428 existi-

69 2461 152 2500 mans
167 2446 299 2500 minorem
312 2447 340 2501 in
353 2449 464 2518 patriam
474 2448 574 2502 reditus
584 2447 755 2519 cupiditatem
765 2447 883 2501 futuram

69 2519 236 2576 habentibus
245 2521 274 2575 in
283 2523 374 2576 castris
384 2523 528 2596 imaginem
538 2523 674 2593 quandam
685 2521 782 2575 larium
794 2536 823 2570 ac
836 2519 884 2569 do-

68 2597 198 2650 mesticae
220 2595 305 2663 sedis;
327 2596 409 2650 simul
427 2605 453 2650 et
470 2597 586 2652 laborem
605 2595 715 2648 militiae
736 2590 883 2668 molliorem

63 2667 129 2726 scre
142 2670 283 2726 dulcedine
299 2688 424 2726 uxorum.
455 2672 486 2725 ln
500 2669 683 2741 supplementa
695 2676 802 2735 quoque
812 2656 883 2709 mrli-
