2022 3010
111 175 145 229 uu
310 229 313 238 ,
347 177 672 226 1usrm1r11sron.

111 281 221 335 aedibus
235 280 323 344 sacris,
339 296 391 332 non
404 277 455 331 diis
465 277 604 348 penatibus
614 275 728 348 publicis
738 269 914 348 privatisque,

111 355 145 410 ad
155 372 222 426 quos
234 353 324 425 paullo
334 361 392 407 ante
401 353 538 424 ingressus
549 351 709 422 hospitaliter
718 351 810 415 fuerat,
821 369 917 422 peper-
999 366 1000 375 ¹

111 430 160 482 cit:
176 446 282 498 prorsus
293 437 322 482 ut
333 445 384 482 non
395 435 448 480 tam
461 426 590 499 sacrilegii
601 425 669 480 ultor
679 425 824 489 exstitisse,
832 441 914 497 quam

111 503 308 574 sacrilegiorum
324 501 453 556 licentiam
469 501 603 572 quaesisse
619 500 756 554 videretur.
786 500 851 553 lude
870 517 916 554 ve·
1000 543 1001 552 ,

111 577 159 630 luti
180 578 259 630 rebus
280 577 384 650 egregie
401 577 482 648 gestis
502 576 530 629 in
545 574 722 630 Chalcidicam
736 573 845 629 traiicit:
866 575 914 628 ubi
1000 601 1001 604 =

109 651 180 706 bello
197 651 255 722 pari
269 651 379 723 perfidia
392 659 464 724 gesto
480 650 615 721 captisque
628 666 674 720 per
687 649 779 703 dolum
788 656 813 702 et
822 649 916 703 occisis
1000 709 1001 714 η

110 725 233 780 finitimis
243 727 359 800 regibus,
375 726 526 781 universam
536 725 700 795 provinciam
711 723 821 793 imperio
829 725 915 777 Mace-

110 801 205 856 doniae
214 801 344 856 adiunxit.
365 800 462 854 Deinde
471 800 504 854 ab
515 798 669 854 abolendam
680 797 796 852 invidiae
805 795 914 860 famam,
1000 809 1001 864 ξ

111 893 166 948 qua
186 877 300 949 insignis
314 883 414 948 praeter
426 883 521 929 ceteros
539 881 602 927 tunc
619 872 743 943 temporis
758 872 914 933 habebatur,
1000 873 1001 922 3

111 967 158 1021 per
173 969 253 1023 regna
268 951 346 1004 mittit
361 957 385 1002 ct
394 947 606 1019 opulentissimas
616 947 742 1011 civitatee,
753 947 802 1018 qui
812 947 915 1017 opinio-

113 1042 173 1078 nem
179 1033 300 1086 sererent,
308 1041 395 1096 regem
405 1022 558 1094 Philippum
569 1040 665 1096 magua
675 1021 787 1092 pecunia
797 1021 881 1076 locare
890 1028 917 1074 et

112 1116 203 1152 muros
218 1115 265 1169 per
274 1099 390 1152 civitates
400 1105 425 1151 et
437 1097 497 1151 lana
506 1105 531 1151 et
541 1097 637 1168 templa
647 1096 773 1159 iacienda,
788 1103 812 1150 et
825 1103 855 1150 ut
869 1113 917 1166 per

111 1189 251 1242 praecones
261 1179 422 1242 susceptores
432 1171 607 1226 sollicitarent.
632 1171 684 1238 Qui
694 1189 780 1242 quum
791 1171 819 1224 in
831 1171 918 1226 Mace-

111 1246 219 1300 doniam
234 1246 373 1311 venissent,
392 1247 470 1300 variis
485 1245 655 1306 dilationibus
666 1245 791 1309 frustrati,
804 1245 860 1299 vim
874 1263 911 1298 re

110 1321 170 1392 giae
183 1320 325 1374 maiestatis
344 1321 473 1384 timentes,
497 1321 566 1374 taciti
586 1321 824 1390 proficiscebantur.
855 1321 916 1373 Post

111 1396 176 1449 haec
185 1394 324 1468 Olynthios
342 1395 508 1468 adgreditur:
530 1403 678 1464 receperant
694 1395 765 1448 enim
778 1411 825 1465 per
835 1394 916 1448 mise·
1000 1429 1001 1462 ,

111 1469 251 1524 ricordiam
275 1477 333 1542 post
350 1469 455 1525 caedem
475 1470 557 1523 unius
575 1471 642 1524 duos
657 1468 748 1523 iratres
763 1469 829 1532 eiua,
846 1486 918 1540 quos
1000 1469 1001 1472 ’

111 1545 251 1618 Philippus
265 1562 298 1600 ex
312 1562 421 1601 noverca
431 1544 532 1616 genitos
545 1543 626 1598 veluti
636 1544 775 1616 participes
785 1543 861 1616 regni
874 1545 917 1597 in-

111 1621 228 1674 terficere
241 1620 378 1693 gestiebat.
412 1619 452 1674 Ob
471 1620 539 1672 hanc
554 1619 635 1691 igitur
644 1637 751 1673 causam
764 1619 856 1672 urbem
868 1637 917 1672 au-

112 1694 215 1765 tiquam
234 1703 259 1748 et
286 1695 400 1749 nobilem
419 1693 557 1758 exscindit,
573 1702 598 1748 et
612 1693 702 1748 iratres
712 1692 776 1747 olim
786 1693 916 1747 destinate

112 1769 243 1839 supplicio
254 1769 340 1832 tradit,
357 1769 506 1839 praedaque
519 1769 620 1840 ingenti
635 1768 730 1839 pariter
746 1774 770 1822 et
780 1767 917 1840 parricidii

115 1849 174 1896 voto
189 1841 293 1896 fruitur.
324 1842 387 1896 lnde
406 1843 482 1913 quasi
492 1843 590 1906 omnia,
601 1861 671 1914 quae
679 1843 802 1916 agitasset
814 1843 915 1908 animo,

111 1915 135 1968 ei
146 1915 259 1978 licerent,
272 1917 374 1970 auraria
384 1916 411 1970 in
423 1916 565 1981 Thessalia,
574 1917 674 1990 argenti
684 1917 788 1972 metalla
798 1917 826 1972 in
832 1918 919 1972 Thra-

111 1989 151 2043 oia
161 1999 282 2061 occupat:
305 1998 337 2054 et,
352 1989 466 2061 nequod
478 1991 520 2044 ius
531 1991 571 2045 vel
582 1991 621 2046 ias
632 1992 789 2047 inviolatum
801 2001 918 2063 praeter-

112 2064 232 2130 mitteret,
253 2065 388 2136 piraticam
406 2083 513 2137 quoque
525 2083 644 2121 exercere
662 2067 784 2122 instituit.
819 2067 866 2120 llis
881 2068 918 2122 ita

61 2205 64 2210 Ι
110 2142 193 2212 gestis
207 2139 270 2195 iorte
285 2140 379 2204 evenit,
397 2148 426 2194 ut
442 2158 503 2194 aum
519 2140 608 2196 iratres
620 2142 682 2207 duo,
694 2159 769 2217 reges
779 2142 916 2208 Thraciae,

112 2232 166 2270 non
181 2215 397 2286 contemplatione
410 2215 524 2270 iustitiae
537 2216 603 2281 eius,
616 2216 663 2271 sed
671 2216 785 2272 invicem
796 2224 921 2271 metuen-

16 2332 20 2344 .
112 2296 160 2353 tes,
178 2308 210 2344 ne
227 2289 334 2344 alterins
349 2291 452 2347 viribus
467 2291 604 2355 accederet,
622 2291 840 2362 disceptationum
853 2309 921 2346 sua-

112 2379 174 2416 rum
194 2364 308 2417 iudicem
328 2365 462 2438 eligerent.
496 2365 546 2420 Sed
567 2365 713 2438 Philippus,
730 2383 802 2420 more
815 2366 920 2438 ingenii

112 2436 165 2498 sui,
182 2435 215 2489 ad
229 2437 358 2491 iudicium
372 2439 452 2493 veluti
463 2439 496 2494 ad
509 2440 609 2495 bellum
621 2441 819 2512 inopinantibus
830 2440 922 2495 fratri-

111 2507 164 2560 bus
184 2510 310 2564 instructo
328 2516 442 2566 exercitu
461 2517 621 2583 supervenit,
637 2523 662 2570 et
676 2532 758 2588 regno
772 2523 923 2587 utrumque

109 2582 272 2641 noniudicis
282 2600 362 2646 more,
375 2586 420 2638 sed
430 2586 633 2643 fraudelatrcnis
644 2607 674 2643 ac
682 2589 920 2661 scelerespoliavit.
1000 2597 1001 2672 l

168 2653 238 2708 Cir.
259 2657 303 2710 lV.
324 2659 393 2711 Dum
412 2659 475 2713 haec
490 2670 614 2732 aguntur,
627 2663 704 2737 legati
714 2663 923 2721 Atheniensium
1000 2697 1001 2764 ρ
