2022 3010
349 157 421 202 LIB.
441 157 472 204 V.
504 149 582 204 CAP.
602 157 629 202 2.
858 152 891 206 l'l

85 262 173 311 tamen
183 254 259 310 inerti
270 272 357 328 neque
366 257 503 312 incruento
512 257 626 312 cecidere
635 257 718 312 bello:
740 257 787 312 sed
796 258 893 328 proeli-

86 331 121 386 ati
131 330 165 384 ad
175 329 311 395 ultimum,
323 331 434 386 victores
444 333 524 407 etiam
535 333 677 397 interdum,
693 333 824 386 consumti
835 352 893 388 ma-

85 405 127 478 gis
140 404 259 459 fortunae
273 406 404 472 varietate,
420 423 502 478 quam
514 407 574 462 victi
584 415 656 462 sunt.
687 408 819 478 Principio
828 407 892 462 belli

86 481 119 534 ab
135 480 178 532 his
194 480 274 533 etiam
284 481 348 534 socii
362 481 538 539 desciverant:
561 491 591 536 ut
604 482 646 537 lit:
668 499 722 554 quo
736 500 764 536 se
774 482 889 548 fortuna,

86 554 630 611 eodemetiamlavorhominuminclinat.

141 629 212 684 Car.
225 631 258 684 11.
280 629 428 685 Alcibiades
438 648 546 702 quoque
560 639 662 684 motum
672 630 800 685 adversus
810 632 892 702 patri·

86 722 129 759 am
138 703 250 770 bellum,
262 722 313 758 non
329 705 443 779 gregarii
456 705 549 759 militis
559 723 645 776 opera,
658 705 705 758 sed
717 705 892 776 imperatoriis

86 779 239 844 virtutibus,
257 779 373 835 adiuvat.
404 780 509 851 Quippe
525 780 636 850 acceptis
646 779 767 851 quinque
777 781 892 833 navibus

85 854 113 908 in
124 854 217 908 Asiam
236 855 375 919 contendit,
391 863 416 909 et
427 855 577 909 tributarias
589 854 790 908 Atheniensium
801 854 893 907 civita-

85 937 132 994 tee,
150 929 301 983 auctoritate
320 930 436 984 nominis
452 931 504 995 sui,
521 930 555 984 ad
565 929 735 984 delectionem
750 927 891 999 compellit.

85 1003 209 1058 Sciebant
220 1004 291 1058 enim
301 1003 374 1058 domi
383 1004 493 1070 clarum,
502 1023 550 1060 nee
558 1004 651 1060 exsilio
660 1005 785 1059 videbant
793 1003 892 1058 factum

86 1079 232 1146 minorem;
267 1095 315 1133 nec
339 1087 393 1133 tam
419 1079 536 1134 ablatum
558 1079 765 1134 Atheniensibus
784 1079 889 1143 ducem,

86 1171 169 1225 quam
184 1153 397 1208 Lacedaemoniis
411 1155 550 1222 traditum,
572 1162 699 1226 partaque
713 1171 775 1210 oum
785 1153 892 1208 amissis

86 1227 197 1300 imperia
217 1229 372 1300 pensabant.
404 1228 455 1283 Sed
479 1229 550 1300 apud
571 1229 787 1284 Lacedaemonios
806 1229 892 1284 virtus

85 1302 232 1358 Alcibiadis
241 1302 302 1374 plus
312 1303 428 1358 invidiae
438 1322 520 1376 quam
532 1305 630 1378 gratiae
641 1304 779 1358 contraxit.
800 1305 892 1374 ltaque

85 1396 173 1450 quum
183 1377 316 1449 principes
325 1378 397 1432 velut
406 1378 542 1432 aemulum
552 1378 650 1452 gloriae
660 1396 723 1432 suae
732 1376 893 1431 interficien-

84 1454 150 1507 dum
162 1452 268 1506 insidiis
278 1453 455 1520 mandassent,
462 1454 566 1526 cognita
576 1471 603 1506 re
609 1453 758 1507 Alcibiades
768 1470 815 1523 per
825 1468 893 1505 uxo-

84 1546 141 1584 rem
156 1527 251 1600 Agidis
269 1528 347 1601 regis,
367 1547 449 1600 quam
467 1527 595 1582 adulterio
606 1534 772 1598 cognoverat,
790 1525 823 1578 ad
834 1526 893 1578 Tis-

85 1603 226 1667 safernem,
239 1603 398 1673 praelectum
408 1603 479 1658 Darii
492 1603 571 1676 regis,
582 1601 711 1672 profugit;
733 1599 777 1654 cui
788 1617 816 1653 se
826 1599 892 1652 cele-

84 1679 146 1732 riter
171 1676 252 1731 olticii
271 1678 390 1732 comitate
409 1686 434 1732 et
452 1676 616 1750 obsequendi
635 1675 719 1749 gratia
734 1674 899 1728 insinuavit.⁸

84 1755 147 1808 Erat
167 1752 240 1807 enim
262 1759 287 1806 et
306 1754 394 1806 aetatis
413 1751 483 1818 llere,
500 1761 525 1806 et
540 1751 638 1808 formae
652 1749 827 1815 veneratione,
845 1767 892 1804 uec

84 1829 177 1882 minus
197 1826 354 1899 eloquentia,
375 1827 452 1882 etiam
472 1829 539 1882 inter
557 1826 740 1891 Athenienses,
761 1825 890 1900 insignis:

85 1902 176 1957 sedin
192 1901 362 1957 conciliandis
376 1903 551 1957 amicitiarum
565 1903 673 1966 studiis,
692 1917 775 1972 quam
788 1901 815 1954 in
831 1901 892 1954 reti-

84 1976 197 2042 aeneis,
208 1976 250 2032 vir
265 1977 370 2042 melior,
392 1977 456 2050 quia
472 1995 576 2032 morum
591 1978 654 2034 vitia
667 1978 719 2031 sub
732 1977 828 2030 umbre
838 1975 892 2030 clo-

84 2052 209 2126 quentiae
223 2051 310 2123 primo
325 2050 448 2106 latebant.
488 2053 571 2125 Igitur
584 2051 723 2123 persuadet
738 2049 889 2114 Tissalerni,

82 2148 115 2184 ne
129 2136 206 2182 tanta
223 2132 354 2194 stipendio
370 2131 449 2182 classi
462 2128 725 2182 Lacedaemoniorum
743 2127 890 2193 praeberet.

86 2205 223 2259 Vocandos
243 2207 311 2256 enim
330 2207 358 2257 in
375 2207 520 2270 portionem
533 2208 649 2270 muneris
661 2201 761 2263 Ionios,
782 2217 891 2268 quornm

81 2297 132 2348 pro
143 2282 272 2341 libertate,
280 2295 358 2346 qaam
369 2281 468 2332 tributa
476 2279 672 2332 Atheniensibus
678 2279 828 2343 penderent,
841 2279 893 2330 bel-

15 2357 17 2370 .
84 2358 138 2409 tam
151 2361 301 2421 susceptum
314 2357 358 2406 sit.
388 2352 440 2408 Sed
453 2370 499 2407 nec
514 2355 626 2407 acailits
636 2355 713 2406 nimis
723 2355 799 2405 enine
809 2351 893 2406 bace-

84 2433 235 2484 daemonios
244 2432 386 2496 iuvandos;
407 2432 501 2497 qnippe
514 2445 649 2482 memorem
664 2443 717 2480 esse
727 2429 825 2488 debere,
840 2431 893 2479 ali-

15 2505 20 2542 t
85 2523 159 2559 enam
168 2522 197 2558 se
206 2508 355 2566 victoriam,
365 2521 418 2558 non
427 2521 510 2566 mem,
526 2508 669 2570 instruere,·
690 2509 714 2554 et
724 2510 829 2553 caterius
840 2502 893 2549 bet-

85 2583 137 2633 ium
156 2583 350 2643 sustinendum,
370 2597 402 2632 ne
424 2582 514 2646 inopia
536 2581 681 2630 deseratur.
720 2576 789 2630 Nam
807 2584 893 2654 renem

85 2656 234 2718 Persarum,
255 2657 464 2710 dissentientibus
485 2652 602 2715 Graecis,
623 2652 753 2704 arbitrum
768 2657 844 2709 paces
860 2655 892 2692 ac
