1984 3010
284 181 356 227 nra.
375 181 458 246 mnu
488 181 570 226 can.
592 180 617 226 a.
638 182 664 226 4.
828 177 876 228 tot

59 281 148 335 cuius
159 286 260 350 peracta
270 279 357 339 caede,
373 297 406 334 ex
416 279 492 350 plebe
500 297 609 352 quoque
623 279 841 352 locupletissimos
852 288 877 336 et

60 355 265 427 promtissimus
278 353 405 408 interficit.

114 429 197 484 'Cau
212 430 255 482 lll.
276 429 322 482 His
333 429 366 482 ita
379 429 469 500 gestia,
484 429 595 484 militem
606 427 669 502 legit
679 430 876 500 exercitumque

59 503 227 559 conscribit:
248 520 303 572 quo
313 502 461 558 instructus
474 503 602 560 finitimas
615 505 731 558 civitates
747 503 814 558 nihil
828 505 876 559 ho-

59 578 129 633 stile
148 587 293 632 metuentes
312 585 345 632 ex
365 577 509 649 improviso
527 577 688 650 adgreditur.
728 579 876 634 Poenorum

65 670 180 725 qnoque
190 653 282 716 socios,
290 653 454 722 permittente
462 652 616 716 Hamilcare,
624 651 696 709 loede
706 662 796 708 vexat:
813 670 876 723 pro-

64 737 127 799 pter
141 727 215 798 quod
229 726 349 798 querelas
359 727 544 798 Carthaginem
554 727 618 781 socii
632 744 685 780 non
695 734 748 780 tam
759 727 792 782 de
806 730 877 799 Aga-

65 801 157 856 thocle
167 818 249 872 quam
260 801 292 854 de
302 801 450 856 Hamilcare
458 800 617 865 detulerunt,
629 805 698 854 huno
706 810 736 854 ut
745 806 877 856 dominum

59 887 90 931 -et
100 887 253 944 tyrannum,
264 879 338 930 illum
348 885 377 930 ut
387 880 555 944 proditorem,
571 883 724 948 arguentes:
745 893 763 928 o
774 892 824 943 quo
833 879 877 930 ἰπ-

67 955 212 1021 [ratissimo
231 953 298 1004 costr
311 955 432 1019 fortune
446 955 575 1005 sociorum
589 955 743 1018 interposito
754 953 876 1017 pactione

62 1025 258 1080 *donatoesinu
277 1025 357 1078 stoutr‘
365 1028 398 1078 ab
409 1024 642 1092 initioSproousoe
652 1029 784 1092 inpiqoca
794 1029 876 1078 socle-

64 1104 133 1156 totta
143 1108 196 1152 stat
206 1103 327 1162 traditae,
336 1102 399 1153 urba
409 1115 507 1167 semper
516 1100 607 1154 Poenis
617 1104 711 1168 infesto
721 1102 784 1154 etde
795 1103 876 1165 impe·
894 1095 898 1102 “

64 1180 110 1230 rio
125 1173 237 1228 Siciliae
255 1173 422 1241 Cortltoptois
436 1177 547 1236 aemulo,
562 1191 632 1228 cunc
642 1179 748 1241 insopor
758 1177 876 1226 civitates

60 1251 594 1315 sociorumeidomtitulopaot'aoddictos.
619 1249 876 1315 Denuntiorelpitur

61 1342 94 1378 se
104 1327 170 1378 doec
181 1325 252 1376 brem
265 1327 300 1376 od
309 1327 378 1389 ipsos
392 1326 573 1378 redundatura
587 1340 619 1377 oc
626 1327 775 1390 propediem
784 1339 876 1378 sensu-

62 1415 123 1459 ros,
134 1405 261 1465 quantum
270 1401 368 1450 molum
376 1413 430 1452 ooo
439 1395 548 1451 Siciliae
560 1401 644 1465 munis
654 1415 731 1466 quum
741 1401 792 1464 ipsi
801 1398 875 1465 alfri-

62 1489 116 1526 coc
126 1474 272 1525 attulerint.
302 1471 348 1524 His
363 1469 478 1542 querelis
494 1477 599 1526 senatus
609 1472 637 1528 in
647 1471 821 1524 Hamilcarem
833 1487 876 1524 ac-

62 1544 206 1600 cenditur:
230 1544 277 1598 sed
298 1546 425 1616 quoniam
445 1544 473 1599 in
493 1545 603 1616 imperio
620 1553 695 1610 esset,
708 1545 783 1598 tacita
798 1545 832 1598 de
845 1561 876 1598 eo

61 1619 197 1692 sullragis
212 1618 337 1685 tulerunt,
359 1628 384 1675 et
397 1620 547 1686 sententias,
565 1619 723 1690 priusquam
736 1619 876 1677 recitaren-

63 1705 123 1760 tur,
140 1695 170 1748 iu
185 1712 278 1755 urnam
293 1695 420 1750 coniectas
429 1695 565 1768 obsignari
580 1694 723 1758 iusserunt,
736 1693 801 1749 dum
812 1692 875 1748 alter

63 1768 213 1832 Hamilcar,
234 1768 359 1842 Gisgonis
380 1769 460 1834 lilius,
482 1767 601 1823 aSicilia
615 1775 793 1823 reverteretur.
824 1767 876 1822 Sed

65 1846 135 1900 haec
144 1843 238 1898 callida
248 1852 394 1898 commenta
400 1845 547 1899 Poenorum
557 1851 581 1897 et
590 1843 731 1898 sententias
742 1843 874 1898 inauditas

63 1917 304 1975 morsHamilcaris
313 1919 456 1990 praevenit,
464 1918 642 1989 liberatusque
652 1917 745 1973 estlati
753 1936 872 1983 munere,

63 2011 152 2066 quem
168 1993 210 2046 sui
223 2011 269 2063 per
284 1993 409 2048 iniuriam
424 1995 494 2050 cives
508 1992 658 2047 inauditum
674 1993 873 2048 damnaverant.
929 2005 938 2024 ²

62 2069 143 2135 Quae
153 2085 195 2120 res
200 2067 335 2139 Agathocli
346 2068 474 2126 adversus
483 2067 583 2124 Poenos
593 2067 754 2124 occasionem
763 2085 875 2122 moven-

59 2144 95 2198 di
105 2141 171 2196 belli
182 2141 260 2196 dedit.
291 2143 378 2197 Prima
393 2143 474 2215 igitur
488 2142 528 2196 illi
538 2159 599 2199 cum
609 2143 763 2206 Hamilcare,
779 2142 875 2214 Gisgo·
900 2141 902 2146 ’

63 2218 112 2272 nis
130 2217 194 2280 filio,
215 2216 308 2288 proelii
325 2218 475 2290 congressio
493 2216 560 2274 luit:
583 2235 598 2272 a
617 2235 672 2288 quo
684 2216 768 2271 rictus
781 2217 874 2272 maiori

64 2291 138 2348 mole
152 2300 320 2362 reparaturus
335 2291 435 2360 bellum
444 2291 589 2364 Syracusas
598 2292 734 2348 concessit.
767 2291 819 2346 Sed
833 2310 881 2348 se-v

61 2366 152 2422 cundi
162 2367 311 2422 certaminis
321 2367 412 2423 eadam
422 2365 535 2430 fortuna,
545 2384 615 2438 quae
624 2375 650 2420 at
659 2367 762 2437 prioris,
775 2366 835 2422 fnit.

123 2441 195 2496 Car.
208 2442 251 2496 IV.
269 2441 358 2507 Quum
374 2442 454 2514 igi-tur
463 2441 573 2496 victores
583 2442 662 2497 Poeni
673 2441 816 2514 Syracusas
827 2443 877 2496 ob-
902 2467 911 2488 o

61 2515 173 2570 sidione
185 2517 338 2581 cinxissent,
355 2515 521 2589 AgatHocles,
536 2533 621 2588 quum
635 2533 664 2572 se
674 2533 761 2587 neque
771 2515 875 2570 viribus

63 2607 160 2662 parem
175 2608 261 2664 neque
271 2591 304 2645 ad
314 2591 479 2648 obsidionem
488 2589 622 2648 serendam
632 2590 789 2644 instructum
800 2587 876 2640 vide-

63 2673 116 2731 ret,
127 2666 284 2738 superhaec
296 2685 311 2722 a
321 2667 399 2724 sociis
411 2665 563 2722 crudelitate
571 2664 629 2740 eius
640 2663 746 2720 offensis
756 2661 877 2714 desertus
