1984 3010
303 134 376 181 LIB.
396 133 489 181 xvm.
511 135 591 181 CAP.
613 135 639 182 i.
824 131 869 182 l5l

69 250 153 306 quum
173 233 202 286 in
223 231 312 286 Sicilia
332 232 380 286 diu
394 231 503 288 feliciter
516 234 694 298 dimicassent,
710 232 852 288 translato
845 253 872 289 rn

68 308 216 364 Sardiniam
239 305 318 371 hello,
335 307 433 363 amissa
447 309 691 364 maioreexercitus
708 317 781 379 parte
794 309 873 382 gravi

68 383 164 467 proelio
176 381 237 436 vieti
247 389 323 436 sunt:
335 383 521 454 propterquod
531 384 624 438 ducem
635 391 715 438 suum
727 382 870 448 ltlalchum,

67 457 143 512 ouius
159 457 285 527 auspiciis
304 464 329 510 et
344 456 448 511 Siciliae
462 467 561 530 partem
575 459 731 514 domuerant
744 466 769 512 et
779 459 873 512 adver-

66 551 113 587 sus
134 531 212 586 Afros
227 549 338 604 magnas
351 549 393 586 res
408 541 551 605 gesserant,
567 551 629 588 oum
645 542 717 605 parte
730 534 870 598 exercitus,

66 625 135 678 quae
149 605 321 677 superfuerat,
334 607 472 661 exsulare
465 616 608 662 iusserunt.
634 608 720 674 Quam
731 625 786 662 rem
796 625 873 681 aegre

67 683 177 736 ferentes
192 681 289 735 milites
285 680 402 766 'legatos
416 682 602 754 Carthaginem
617 682 734 738 mittunt
729 699 793 753 qur
786 683 872 736 redi-

66 765 123 812 tum
135 756 221 827 primo
231 755 390 827 veniamque
400 755 512 810 infelicis
522 756 631 810 militiae
641 764 741 828 potant,
759 765 817 810 turn
827 755 874 809 de-

66 832 197 895 nuntient,
209 835 278 900 quod
288 835 409 899 precibus
419 840 554 900 nequaant,
561 849 675 886 armasse
681 841 871 885 consecuturos.

67 906 157 974 Quum
172 913 198 959 et
211 922 300 976 preces
319 913 345 959 et
358 905 446 960 minae
458 905 603 979 legatorum
613 915 713 978 spretae
723 912 818 970 essent,
831 905 874 959 in-

67 981 178 1035 teriectis
198 980 292 1034 diebus
312 981 461 1036 conscensis
483 982 598 1036 navibus
617 981 710 1036 armati
730 981 764 1034 ad
779 981 871 1034 urbem

68 1056 191 1122 veniunt3
213 1054 251 1110 ihi
261 1055 322 1109 deos
334 1056 508 1127 hominesque
520 1057 619 1111 testati:
639 1075 691 1111 non
701 1073 727 1109 se
737 1073 873 1124 ecpupnoe

68 1140 130 1194 tum,
145 1134 191 1184 sed
199 1135 382 1198 reciperatam,
391 1137 510 1199 patriam
519 1137 615 1195 venire,
626 1141 823 1200 ostensurosque
834 1135 873 1184 ci-

67 1209 142 1260 vibus
155 1210 210 1260 suis
223 1223 276 1259 con
289 1210 411 1260 virtutem
426 1209 477 1260 silit
488 1211 579 1274 priore
595 1211 668 1270 betto,
686 1210 731 1260 sed
740 1212 873 1276 {ortanam

65 1285 187 1350 descisse,
207 1279 347 1351 prohibitis
366 1281 556 1334 commeatibus
574 1282 734 1353 obsessaque
755 1279 851 1334 urbe'
844 1297 872 1334 rn

67 1371 201 1408 summam
221 1354 428 1426 desperationem
449 1355 678 1428 Carthaginienses
696 1355 871 1410 adduxerunt.

66 1431 165 1484 luterea
182 1429 293 1495 Cartala,
306 1431 401 1486 Malohi
413 1429 513 1484 exsulis
524 1411 599 1484 diicis
610 1430 690 1491 filius,
702 1447 788 1501 quum
798 1446 874 1499 prae-

67 1511 105 1558 ter
120 1512 204 1558 castra
218 1505 298 1574 patris
313 1523 328 1558 a
343 1506 422 1578 Tyro,
439 1522 493 1577 quo
511 1505 625 1559 decimas
636 1503 755 1558 Herculis
765 1502 831 1557 ferre
841 1519 874 1557 ex

66 1578 162 1650 praeda
178 1577 317 1643 Siciliensi,
334 1597 416 1651 quam
430 1588 503 1651 pater
518 1579 575 1632 eius
589 1586 699 1650 ceperat,
711 1577 874 1663 aCarthagi-

67 1653 208 1707 aiensibus
230 1653 330 1707 missus
350 1653 442 1720 luerat,
467 1661 637 1708 reverteretur
651 1652 875 1723 arcessitusquea

66 1736 140 1799 patre
154 1735 230 1793 esset,
241 1734 318 1796 prius
325 1733 447 1797 publicae
456 1747 483 1783 se
493 1732 628 1798 relipionis
639 1731 727 1799 officia
737 1735 875 1782 essecutu-

66 1821 127 1856 rum
142 1820 222 1871 quarn
233 1809 355 1870 privatae
366 1809 473 1872 pietatis
489 1803 630 1874 respondit.
661 1803 747 1869 Quam
762 1819 817 1857 rem
826 1801 875 1856 etsi

66 1876 179 1950 indigne
200 1875 276 1930 ferret
296 1884 377 1948 pater,
398 1895 451 1932 non
466 1885 553 1933 tamur
568 1879 623 1933 vim
637 1877 738 1932 adlerre
753 1877 875 1950 religioni

64 1969 151 2007 ausus
160 1958 209 2005 est
236 1952 379 2006 Interiectis
389 1952 483 2006 deinde
492 1953 586 2008 diebus
598 1953 700 2008 Cartala
710 1953 790 2025 petito
801 1970 873 2006 com-

65 2032 156 2080 meatu
167 2043 182 2080 a
192 2025 299 2096 populo,
311 2045 397 2098 quum
406 2045 532 2082 reversus
550 2028 583 2082 ad
597 2035 697 2113 patrem
712 2035 780 2081 esset
796 2043 875 2080 orna

65 2109 166 2187 tusque
188 2116 306 2172 purpura
322 2109 347 2155 et
361 2101 453 2155 infulis
467 2102 603 2157 sacerdotii
612 2102 734 2157 omnium
748 2119 777 2154 se
790 2098 874 2154 oculis

64 2176 208 2248 ingereret,
225 2175 310 2228 tunc
303 2193 331 2230 ru
345 2184 473 2230 secretum
485 2177 597 2231 abducto
606 2184 678 2247 pater
689 2175 737 2229 ait:
758 2173 876 2228 Aususne

62 2269 100 2314 as,
111 2253 328 2319 msandissimrtm
339 2259 424 2319 capot,
436 2255 488 2306 ista
495 2269 617 2320 purpura
628 2260 652 2304 et
662 2254 877 2304 aarooruatusia

65 2334 234 2394 conspectum
249 2333 285 2380 tot
299 2330 454 2380 miserorum
468 2331 562 2380 civium
577 2323 685 2380 venire?
704 2333 833 2379 etmoesta
843 2341 876 2378 ac

63 2403 187 2470 lupentio
202 2409 289 2454 eastra
305 2403 541 2468 circumfluentibus
555 2405 657 2469 quietae
665 2401 800 2470 felicitatis
810 2403 877 2453 inst-

59 2479 162 2543 ysitus
172 2477 244 2530 velut
254 2478 460 2530 exsultabundus
469 2473 589 2530 intrare?
603 2475 771 2544 Nunquamne
782 2484 805 2528 te
815 2475 878 2526 aliis

60 2555 172 2604 iactare
183 2549 314 2618 potuisti?
334 2552 430 2608 Nullus
446 2553 518 2604 locus
533 2554 622 2618 optior
638 2567 717 2618 qaam
730 2551 820 2602 sordes
825 2561 878 2610 pa-

13 2635 14 2696 J
60 2630 117 2680 tria
134 2633 160 2679 et
179 2629 270 2680 consilii
290 2629 401 2688 infelicis
414 2641 555 2680 comnenae
568 2621 693 2695 sumunt?
715 2621 793 2686 Quid,
810 2619 880 2685 qvod
