<?xml version="1.0" encoding="UTF-8"?>
<!DOCTYPE html PUBLIC "-//W3C//DTD XHTML 1.0 Transitional//EN"
    "http://www.w3.org/TR/xhtml1/DTD/xhtml1-transitional.dtd">
<html xmlns="http://www.w3.org/1999/xhtml" xml:lang="en" lang="en">
 <head>
  <title>
</title>
<meta http-equiv="Content-Type" content="text/html;charset=utf-8" />
  <meta name='ocr-system' content='tesseract 3.04.00' />
  <meta name='ocr-capabilities' content='ocr_page ocr_carea ocr_par ocr_line ocrx_word'/>
</head>
<body>
  <div class='ocr_page' id='page_1' title='image "./justinihistoria00justgoog_0287.png"; bbox 0 0 2044 3028; ppageno 0'>
   <div class='ocr_carea' id='block_1_1' title="bbox 105 235 913 415">
    <p class='ocr_par' dir='ltr' id='par_1_1' title="bbox 105 235 913 415">
     <span class='ocr_line' id='line_1_1' title="bbox 106 235 662 289; baseline 0 -1"><span class='ocrx_word' id='word_1_1' title='bbox 106 235 156 288; x_wconf 70' lang='grc'>274</span> <span class='ocrx_word' id='word_1_2' title='bbox 341 240 486 288; x_wconf 83' lang='lat' dir='ltr'>IUSTINI</span> <span class='ocrx_word' id='word_1_3' title='bbox 503 241 662 289; x_wconf 78' lang='lat' dir='ltr'>HtsToR.</span> 
     </span>
     <span class='ocr_line' id='line_1_2' title="bbox 105 341 913 415; baseline -0.001 -17"><span class='ocrx_word' id='word_1_4' title='bbox 105 341 247 415; x_wconf 83' lang='lat' dir='ltr'>colligendi</span> <span class='ocrx_word' id='word_1_5' title='bbox 262 359 342 396; x_wconf 90' lang='lat' dir='ltr'>usum</span> <span class='ocrx_word' id='word_1_6' title='bbox 359 341 463 414; x_wconf 89' lang='lat' dir='ltr'>primus</span> <span class='ocrx_word' id='word_1_7' title='bbox 481 342 591 397; x_wconf 90' lang='lat' dir='ltr'>invenit.</span> <span class='ocrx_word' id='word_1_8' title='bbox 624 341 692 397; x_wconf 88' lang='lat' dir='ltr'>Huic</span> <span class='ocrx_word' id='word_1_9' title='bbox 702 357 786 414; x_wconf 91' lang='lat' dir='ltr'>quum</span> <span class='ocrx_word' id='word_1_10' title='bbox 796 358 829 396; x_wconf 84' lang='lat' dir='ltr'>ex</span> <span class='ocrx_word' id='word_1_11' title='bbox 839 341 913 397; x_wconf 85' lang='lat' dir='ltr'>filiae</span> 
     </span>
    </p>
   </div>
   <div class='ocr_carea' id='block_1_2' title="bbox 105 415 1012 490">
    <p class='ocr_par' dir='ltr' id='par_1_2' title="bbox 105 415 1012 490">
     <span class='ocr_line' id='line_1_3' title="bbox 105 415 1012 490; baseline -0.004 -16"><span class='ocrx_word' id='word_1_12' title='bbox 105 426 197 489; x_wconf 88' lang='lat' dir='ltr'>stupro</span> <span class='ocrx_word' id='word_1_13' title='bbox 216 433 297 490; x_wconf 87' lang='lat' dir='ltr'>nepos</span> <span class='ocrx_word' id='word_1_14' title='bbox 311 417 483 489; x_wconf 87' lang='lat' dir='ltr'>provenisset,</span> <span class='ocrx_word' id='word_1_15' title='bbox 498 415 700 490; x_wconf 78' lang='lat' dir='ltr'>pudorellagitii</span> <span class='ocrx_word' id='word_1_16' title='bbox 713 417 791 471; x_wconf 88' lang='lat' dir='ltr'>variis</span> <span class='ocrx_word' id='word_1_17' title='bbox 805 418 913 490; x_wconf 78' lang='lat' dir='ltr'>generi·</span> <span class='ocrx_word' id='word_1_18' title='bbox 1011 477 1012 486; x_wconf 22' lang='lat'>2</span> 
     </span>
    </p>
   </div>
   <div class='ocr_carea' id='block_1_3' title="bbox 105 491 911 566">
    <p class='ocr_par' dir='ltr' id='par_1_3' title="bbox 105 491 911 566">
     <span class='ocr_line' id='line_1_4' title="bbox 105 491 911 566; baseline -0.001 -19"><span class='ocrx_word' id='word_1_19' title='bbox 105 493 157 548; x_wconf 88' lang='lat' dir='ltr'>bns</span> <span class='ocrx_word' id='word_1_20' title='bbox 178 492 315 566; x_wconf 79' lang='lat' dir='ltr'>exstingui</span> <span class='ocrx_word' id='word_1_21' title='bbox 328 492 471 562; x_wconf 85' lang='lat' dir='ltr'>parvulum</span> <span class='ocrx_word' id='word_1_22' title='bbox 486 491 583 548; x_wconf 90' lang='lat' dir='ltr'>voluit:</span> <span class='ocrx_word' id='word_1_23' title='bbox 604 492 651 546; x_wconf 92' lang='lat' dir='ltr'>sed</span> <span class='ocrx_word' id='word_1_24' title='bbox 665 509 712 563; x_wconf 93' lang='lat' dir='ltr'>per</span> <span class='ocrx_word' id='word_1_25' title='bbox 725 509 817 546; x_wconf 87' lang='lat' dir='ltr'>omncs</span> <span class='ocrx_word' id='word_1_26' title='bbox 831 509 911 546; x_wconf 88' lang='lat' dir='ltr'>casus</span> 
     </span>
    </p>
   </div>
   <div class='ocr_carea' id='block_1_4' title="bbox 104 566 1012 640">
    <p class='ocr_par' dir='ltr' id='par_1_4' title="bbox 104 566 1012 640">
     <span class='ocr_line' id='line_1_5' title="bbox 104 566 1012 640; baseline 0 -18"><span class='ocrx_word' id='word_1_27' title='bbox 104 566 210 624; x_wconf 83' lang='lat' dir='ltr'>fortuna</span> <span class='ocrx_word' id='word_1_28' title='bbox 220 567 336 640; x_wconf 89' lang='lat' dir='ltr'>quadam</span> <span class='ocrx_word' id='word_1_29' title='bbox 346 576 474 634; x_wconf 89' lang='lat' dir='ltr'>servatus,</span> <span class='ocrx_word' id='word_1_30' title='bbox 487 569 521 623; x_wconf 94' lang='lat' dir='ltr'>ad</span> <span class='ocrx_word' id='word_1_31' title='bbox 530 575 693 640; x_wconf 89' lang='lat' dir='ltr'>postremum</span> <span class='ocrx_word' id='word_1_32' title='bbox 703 567 737 622; x_wconf 90' lang='lat' dir='ltr'>ad</span> <span class='ocrx_word' id='word_1_33' title='bbox 751 584 866 640; x_wconf 83' lang='lat' dir='ltr'>regnum</span> <span class='ocrx_word' id='word_1_34' title='bbox 874 574 912 622; x_wconf 92' lang='lat' dir='ltr'>tot</span> <span class='ocrx_word' id='word_1_35' title='bbox 1011 629 1012 638; x_wconf 10' lang='grc' dir='ltr'>ἵ</span> 
     </span>
    </p>
   </div>
   <div class='ocr_carea' id='block_1_5' title="bbox 104 641 917 1017">
    <p class='ocr_par' dir='ltr' id='par_1_5' title="bbox 104 641 917 1017">
     <span class='ocr_line' id='line_1_6' title="bbox 104 641 917 716; baseline 0.002 -20"><span class='ocrx_word' id='word_1_36' title='bbox 104 641 284 715; x_wconf 81' lang='lat' dir='ltr'><strong>periculorum</strong></span> <span class='ocrx_word' id='word_1_37' title='bbox 304 641 469 698; x_wconf 89' lang='lat' dir='ltr'>miseratione</span> <span class='ocrx_word' id='word_1_38' title='bbox 486 642 614 716; x_wconf 90' lang='lat' dir='ltr'>pervenit.</span> <span class='ocrx_word' id='word_1_39' title='bbox 648 643 769 698; x_wconf 89' lang='lat' dir='ltr'>Primum</span> <span class='ocrx_word' id='word_1_40' title='bbox 787 641 917 698; x_wconf 89' lang='lat' dir='ltr'>omnium-</span> 
     </span>
     <span class='ocr_line' id='line_1_7' title="bbox 105 717 914 792; baseline 0 -20"><span class='ocrx_word' id='word_1_41' title='bbox 105 735 192 792; x_wconf 90' lang='lat' dir='ltr'>quum</span> <span class='ocrx_word' id='word_1_42' title='bbox 206 736 269 774; x_wconf 90' lang='lat' dir='ltr'>eum</span> <span class='ocrx_word' id='word_1_43' title='bbox 279 718 375 790; x_wconf 79' lang='lat' dir='ltr'>exponi</span> <span class='ocrx_word' id='word_1_44' title='bbox 385 717 504 774; x_wconf 89' lang='lat' dir='ltr'>iussisset</span> <span class='ocrx_word' id='word_1_45' title='bbox 513 727 538 772; x_wconf 89' lang='lat' dir='ltr'>et</span> <span class='ocrx_word' id='word_1_46' title='bbox 547 724 605 790; x_wconf 90' lang='lat' dir='ltr'>post</span> <span class='ocrx_word' id='word_1_47' title='bbox 614 717 671 772; x_wconf 92' lang='lat' dir='ltr'>dies</span> <span class='ocrx_word' id='word_1_48' title='bbox 680 717 714 772; x_wconf 91' lang='lat' dir='ltr'>ad</span> <span class='ocrx_word' id='word_1_49' title='bbox 723 735 818 790; x_wconf 88' lang='lat' dir='ltr'>corpus</span> <span class='ocrx_word' id='word_1_50' title='bbox 829 733 914 790; x_wconf 79' lang='lat' dir='ltr'>expo-</span> 
     </span>
     <span class='ocr_line' id='line_1_8' title="bbox 105 791 912 866; baseline 0 -18"><span class='ocrx_word' id='word_1_51' title='bbox 105 793 150 848; x_wconf 84' lang='lat' dir='ltr'>siti</span> <span class='ocrx_word' id='word_1_52' title='bbox 163 793 353 866; x_wconf 88' lang='lat' dir='ltr'>requirendum</span> <span class='ocrx_word' id='word_1_53' title='bbox 366 794 494 858; x_wconf 81' lang='lat' dir='ltr'><strong>misisset,</strong></span> <span class='ocrx_word' id='word_1_54' title='bbox 512 795 636 848; x_wconf 91' lang='lat' dir='ltr'>inventus</span> <span class='ocrx_word' id='word_1_55' title='bbox 649 801 688 847; x_wconf 87' lang='lat' dir='ltr'>est</span> <span class='ocrx_word' id='word_1_56' title='bbox 705 793 779 848; x_wconf 90' lang='lat' dir='ltr'>vario</span> <span class='ocrx_word' id='word_1_57' title='bbox 793 791 912 848; x_wconf 80' lang='lat' dir='ltr'>ferarum</span> 
     </span>
     <span class='ocr_line' id='line_1_9' title="bbox 106 867 912 942; baseline -0.001 -18"><span class='ocrx_word' id='word_1_58' title='bbox 106 869 172 924; x_wconf 88' lang='lat' dir='ltr'>lacte</span> <span class='ocrx_word' id='word_1_59' title='bbox 186 870 312 924; x_wconf 88' lang='lat' dir='ltr'>nutritus.</span> <span class='ocrx_word' id='word_1_60' title='bbox 343 869 441 923; x_wconf 88' lang='lat' dir='ltr'>Dein&#39;de</span> <span class='ocrx_word' id='word_1_61' title='bbox 455 868 566 924; x_wconf 89' lang='lat' dir='ltr'>relatum</span> <span class='ocrx_word' id='word_1_62' title='bbox 581 867 691 922; x_wconf 88' lang='lat' dir='ltr'>domum</span> <span class='ocrx_word' id='word_1_63' title='bbox 707 867 810 922; x_wconf 75' lang='lat' dir='ltr'><strong>tramite</strong></span> <span class='ocrx_word' id='word_1_64' title='bbox 824 887 912 942; x_wconf 80' lang='lat' dir='ltr'>angu-</span> 
     </span>
     <span class='ocr_line' id='line_1_10' title="bbox 105 943 910 1017; baseline -0.002 -17"><span class='ocrx_word' id='word_1_65' title='bbox 105 952 155 1010; x_wconf 89' lang='lat' dir='ltr'>sto,</span> <span class='ocrx_word' id='word_1_66' title='bbox 176 961 313 1017; x_wconf 89' lang='lat' dir='ltr'>perquem</span> <span class='ocrx_word' id='word_1_67' title='bbox 324 951 441 998; x_wconf 88' lang='lat' dir='ltr'>armenta</span> <span class='ocrx_word' id='word_1_68' title='bbox 453 960 597 1000; x_wconf 90' lang='lat' dir='ltr'>commeare</span> <span class='ocrx_word' id='word_1_69' title='bbox 607 951 804 1008; x_wconf 89' lang='lat' dir='ltr'>consueverant,</span> <span class='ocrx_word' id='word_1_70' title='bbox 817 943 910 1016; x_wconf 88' lang='lat' dir='ltr'>proiici</span> 
     </span>
    </p>
   </div>
   <div class='ocr_carea' id='block_1_6' title="bbox 106 1003 1012 1167">
    <p class='ocr_par' dir='ltr' id='par_1_6' title="bbox 106 1003 1012 1167">
     <span class='ocr_line' id='line_1_11' title="bbox 106 1003 1012 1092; baseline -0.001 -18"><span class='ocrx_word' id='word_1_71' title='bbox 106 1021 193 1075; x_wconf 90' lang='lat' dir='ltr'>iubet:</span> <span class='ocrx_word' id='word_1_72' title='bbox 215 1020 329 1076; x_wconf 89' lang='lat' dir='ltr'>crudelis</span> <span class='ocrx_word' id='word_1_73' title='bbox 342 1037 459 1090; x_wconf 82' lang='lat' dir='ltr'>prorsus,</span> <span class='ocrx_word' id='word_1_74' title='bbox 475 1020 523 1092; x_wconf 93' lang='lat' dir='ltr'>qui</span> <span class='ocrx_word' id='word_1_75' title='bbox 537 1017 683 1091; x_wconf 81' lang='lat' dir='ltr'>proculcari</span> <span class='ocrx_word' id='word_1_76' title='bbox 697 1027 816 1090; x_wconf 83' lang='lat' dir='ltr'>nepotem</span> <span class='ocrx_word' id='word_1_77' title='bbox 828 1037 912 1092; x_wconf 89' lang='lat' dir='ltr'>quam</span> <span class='ocrx_word' id='word_1_78' title='bbox 1011 1003 1012 1040; x_wconf 57' lang='lat' dir='ltr'>l</span> 
     </span>
     <span class='ocr_line' id='line_1_12' title="bbox 106 1093 1012 1167; baseline -0.002 -17"><span class='ocrx_word' id='word_1_79' title='bbox 106 1095 223 1167; x_wconf 87' lang='lat' dir='ltr'>simplici</span> <span class='ocrx_word' id='word_1_80' title='bbox 233 1103 315 1150; x_wconf 90' lang='lat' dir='ltr'>morte</span> <span class='ocrx_word' id='word_1_81' title='bbox 326 1095 436 1148; x_wconf 87' lang='lat' dir='ltr'>interfici</span> <span class='ocrx_word' id='word_1_82' title='bbox 446 1094 549 1150; x_wconf 87' lang='lat' dir='ltr'>maluit.</span> <span class='ocrx_word' id='word_1_83' title='bbox 579 1093 735 1166; x_wconf 91' lang='lat' dir='ltr'>Ibiquoque</span> <span class='ocrx_word' id='word_1_84' title='bbox 744 1111 829 1167; x_wconf 89' lang='lat' dir='ltr'>quum</span> <span class='ocrx_word' id='word_1_85' title='bbox 838 1095 913 1148; x_wconf 73' lang='lat' dir='ltr'>invi-</span> <span class='ocrx_word' id='word_1_86' title='bbox 1011 1093 1012 1128; x_wconf 62' lang='lat' dir='ltr'>l</span> 
     </span>
    </p>
   </div>
   <div class='ocr_carea' id='block_1_7' title="bbox 61 1168 917 2826">
    <p class='ocr_par' dir='ltr' id='par_1_7' title="bbox 61 1168 917 2826">
     <span class='ocr_line' id='line_1_13' title="bbox 106 1168 911 1244; baseline 0 -20"><span class='ocrx_word' id='word_1_87' title='bbox 106 1169 191 1224; x_wconf 89' lang='lat' dir='ltr'>olatus</span> <span class='ocrx_word' id='word_1_88' title='bbox 205 1178 273 1224; x_wconf 90' lang='lat' dir='ltr'>esset</span> <span class='ocrx_word' id='word_1_89' title='bbox 287 1187 334 1226; x_wconf 89' lang='lat' dir='ltr'>nec</span> <span class='ocrx_word' id='word_1_90' title='bbox 344 1169 475 1224; x_wconf 81' lang='lat' dir='ltr'><strong>alimentis</strong></span> <span class='ocrx_word' id='word_1_91' title='bbox 488 1177 582 1244; x_wconf 78' lang='lat' dir='ltr'>egeret,</span> <span class='ocrx_word' id='word_1_92' title='bbox 594 1169 705 1223; x_wconf 88' lang='lat' dir='ltr'>oanibus</span> <span class='ocrx_word' id='word_1_93' title='bbox 714 1171 800 1240; x_wconf 90' lang='lat' dir='ltr'>primo</span> <span class='ocrx_word' id='word_1_94' title='bbox 809 1168 911 1224; x_wconf 89' lang='lat' dir='ltr'>ieiunis</span> 
     </span>
     <span class='ocr_line' id='line_1_14' title="bbox 105 1244 911 1310; baseline 0 -10"><span class='ocrx_word' id='word_1_95' title='bbox 105 1254 131 1300; x_wconf 90' lang='lat' dir='ltr'>et</span> <span class='ocrx_word' id='word_1_96' title='bbox 152 1244 296 1299; x_wconf 88' lang='lat' dir='ltr'>multorum</span> <span class='ocrx_word' id='word_1_97' title='bbox 315 1245 419 1300; x_wconf 90' lang='lat' dir='ltr'>dierum</span> <span class='ocrx_word' id='word_1_98' title='bbox 433 1245 589 1300; x_wconf 88' lang='lat' dir='ltr'>abstinentia</span> <span class='ocrx_word' id='word_1_99' title='bbox 603 1244 734 1310; x_wconf 87' lang='lat' dir='ltr'>cruciatis,</span> <span class='ocrx_word' id='word_1_100' title='bbox 753 1261 813 1300; x_wconf 79' lang='lat' dir='ltr'>mox</span> <span class='ocrx_word' id='word_1_101' title='bbox 826 1245 911 1300; x_wconf 89' lang='lat' dir='ltr'>etiam</span> 
     </span>
     <span class='ocr_line' id='line_1_15' title="bbox 105 1317 910 1392; baseline 0 -18"><span class='ocrx_word' id='word_1_102' title='bbox 105 1320 201 1374; x_wconf 89' lang='lat' dir='ltr'>suibus</span> <span class='ocrx_word' id='word_1_103' title='bbox 215 1319 317 1375; x_wconf 90' lang='lat' dir='ltr'>obiecit.</span> <span class='ocrx_word' id='word_1_104' title='bbox 341 1319 432 1391; x_wconf 90' lang='lat' dir='ltr'>Itaque</span> <span class='ocrx_word' id='word_1_105' title='bbox 442 1337 528 1392; x_wconf 89' lang='lat' dir='ltr'>quum</span> <span class='ocrx_word' id='word_1_106' title='bbox 539 1339 591 1376; x_wconf 92' lang='lat' dir='ltr'>non</span> <span class='ocrx_word' id='word_1_107' title='bbox 603 1317 690 1374; x_wconf 88' lang='lat' dir='ltr'>solum</span> <span class='ocrx_word' id='word_1_108' title='bbox 701 1338 754 1375; x_wconf 90' lang='lat' dir='ltr'>non</span> <span class='ocrx_word' id='word_1_109' title='bbox 764 1329 910 1386; x_wconf 85' lang='lat' dir='ltr'>noceretur,</span> 
     </span>
     <span class='ocr_line' id='line_1_16' title="bbox 106 1394 913 1468; baseline 0 -18"><span class='ocrx_word' id='word_1_110' title='bbox 106 1412 200 1450; x_wconf 88' lang='lat' dir='ltr'>verum</span> <span class='ocrx_word' id='word_1_111' title='bbox 220 1395 299 1450; x_wconf 90' lang='lat' dir='ltr'>etiam</span> <span class='ocrx_word' id='word_1_112' title='bbox 318 1395 496 1468; x_wconf 89' lang='lat' dir='ltr'>quarumdam</span> <span class='ocrx_word' id='word_1_113' title='bbox 514 1395 641 1450; x_wconf 86' lang='lat' dir='ltr'>uberibus</span> <span class='ocrx_word' id='word_1_114' title='bbox 654 1394 775 1459; x_wconf 84' lang='lat' dir='ltr'>aleretur,</span> <span class='ocrx_word' id='word_1_115' title='bbox 797 1395 831 1450; x_wconf 93' lang='lat' dir='ltr'>ad</span> <span class='ocrx_word' id='word_1_116' title='bbox 845 1395 913 1450; x_wconf 88' lang='lat' dir='ltr'>ulti·</span> 
     </span>
     <span class='ocr_line' id='line_1_17' title="bbox 107 1469 913 1541; baseline 0 -15"><span class='ocrx_word' id='word_1_117' title='bbox 107 1489 183 1526; x_wconf 90' lang='lat' dir='ltr'>mum</span> <span class='ocrx_word' id='word_1_118' title='bbox 197 1470 226 1526; x_wconf 90' lang='lat' dir='ltr'>in</span> <span class='ocrx_word' id='word_1_119' title='bbox 241 1469 375 1526; x_wconf 90' lang='lat' dir='ltr'>Oceanum</span> <span class='ocrx_word' id='word_1_120' title='bbox 391 1471 468 1525; x_wconf 89' lang='lat' dir='ltr'>abiici</span> <span class='ocrx_word' id='word_1_121' title='bbox 483 1471 568 1526; x_wconf 90' lang='lat' dir='ltr'>iussit.</span> <span class='ocrx_word' id='word_1_122' title='bbox 598 1473 667 1525; x_wconf 89' lang='lat' dir='ltr'>Tum</span> <span class='ocrx_word' id='word_1_123' title='bbox 684 1469 762 1541; x_wconf 91' lang='lat' dir='ltr'>plane</span> <span class='ocrx_word' id='word_1_124' title='bbox 772 1470 913 1526; x_wconf 79' lang='lat' dir='ltr'>manifesto</span> 
     </span>
     <span class='ocr_line' id='line_1_18' title="bbox 106 1545 911 1620; baseline 0 -19"><span class='ocrx_word' id='word_1_125' title='bbox 106 1546 223 1620; x_wconf 87' lang='lat' dir='ltr'>quodam</span> <span class='ocrx_word' id='word_1_126' title='bbox 243 1547 353 1602; x_wconf 89' lang='lat' dir='ltr'>numine</span> <span class='ocrx_word' id='word_1_127' title='bbox 367 1546 434 1600; x_wconf 90' lang='lat' dir='ltr'>inter</span> <span class='ocrx_word' id='word_1_128' title='bbox 448 1545 563 1602; x_wconf 74' lang='lat' dir='ltr'>furentes</span> <span class='ocrx_word' id='word_1_129' title='bbox 578 1555 665 1601; x_wconf 90' lang='lat' dir='ltr'>aestus</span> <span class='ocrx_word' id='word_1_130' title='bbox 679 1563 710 1600; x_wconf 91' lang='lat' dir='ltr'>ac</span> <span class='ocrx_word' id='word_1_131' title='bbox 722 1546 911 1617; x_wconf 80' lang='lat' dir='ltr'>reciprocantes</span> 
     </span>
     <span class='ocr_line' id='line_1_19' title="bbox 106 1620 913 1688; baseline -0.002 -10"><span class='ocrx_word' id='word_1_132' title='bbox 106 1622 202 1688; x_wconf 87' lang='lat' dir='ltr'>undas,</span> <span class='ocrx_word' id='word_1_133' title='bbox 222 1621 294 1678; x_wconf 85' lang='lat' dir='ltr'>velut</span> <span class='ocrx_word' id='word_1_134' title='bbox 307 1640 382 1687; x_wconf 81' lang='lat' dir='ltr'>nave,</span> <span class='ocrx_word' id='word_1_135' title='bbox 394 1639 448 1676; x_wconf 92' lang='lat' dir='ltr'>non</span> <span class='ocrx_word' id='word_1_136' title='bbox 460 1620 542 1676; x_wconf 89' lang='lat' dir='ltr'>fluctu</span> <span class='ocrx_word' id='word_1_137' title='bbox 552 1623 698 1684; x_wconf 80' lang='lat' dir='ltr'>veheretur,</span> <span class='ocrx_word' id='word_1_138' title='bbox 711 1620 763 1676; x_wconf 90' lang='lat' dir='ltr'>leni</span> <span class='ocrx_word' id='word_1_139' title='bbox 772 1620 828 1677; x_wconf 91' lang='lat' dir='ltr'>salo</span> <span class='ocrx_word' id='word_1_140' title='bbox 839 1623 866 1677; x_wconf 94' lang='lat' dir='ltr'>in</span> <span class='ocrx_word' id='word_1_141' title='bbox 880 1623 913 1676; x_wconf 89' lang='lat' dir='ltr'>li-</span> 
     </span>
     <span class='ocr_line' id='line_1_20' title="bbox 106 1696 915 1770; baseline -0.001 -17"><span class='ocrx_word' id='word_1_142' title='bbox 106 1705 162 1754; x_wconf 87' lang='lat' dir='ltr'>tore</span> <span class='ocrx_word' id='word_1_143' title='bbox 175 1698 329 1770; x_wconf 84' lang='lat' dir='ltr'>exponitur:</span> <span class='ocrx_word' id='word_1_144' title='bbox 352 1713 401 1758; x_wconf 89' lang='lat' dir='ltr'>nec</span> <span class='ocrx_word' id='word_1_145' title='bbox 412 1703 496 1752; x_wconf 88' lang='lat' dir='ltr'>multo</span> <span class='ocrx_word' id='word_1_146' title='bbox 504 1705 563 1770; x_wconf 88' lang='lat' dir='ltr'>post</span> <span class='ocrx_word' id='word_1_147' title='bbox 575 1715 651 1752; x_wconf 86' lang='lat' dir='ltr'>cerva</span> <span class='ocrx_word' id='word_1_148' title='bbox 660 1696 753 1761; x_wconf 85' lang='lat' dir='ltr'>adfuit,</span> <span class='ocrx_word' id='word_1_149' title='bbox 766 1713 836 1769; x_wconf 78' lang='lat' dir='ltr'>quae</span> <span class='ocrx_word' id='word_1_150' title='bbox 845 1698 915 1752; x_wconf 89' lang='lat' dir='ltr'>ube-</span> 
     </span>
     <span class='ocr_line' id='line_1_21' title="bbox 102 1772 915 1845; baseline -0.005 -15"><span class='ocrx_word' id='word_1_151' title='bbox 102 1790 136 1830; x_wconf 87' lang='lat' dir='ltr'>ra</span> <span class='ocrx_word' id='word_1_152' title='bbox 149 1772 262 1844; x_wconf 89' lang='lat' dir='ltr'>parvulo</span> <span class='ocrx_word' id='word_1_153' title='bbox 274 1773 385 1828; x_wconf 90' lang='lat' dir='ltr'>ollerret.</span> <span class='ocrx_word' id='word_1_154' title='bbox 416 1773 480 1828; x_wconf 89' lang='lat' dir='ltr'>Inde</span> <span class='ocrx_word' id='word_1_155' title='bbox 494 1773 609 1845; x_wconf 91' lang='lat' dir='ltr'>denique</span> <span class='ocrx_word' id='word_1_156' title='bbox 618 1773 815 1828; x_wconf 86' lang='lat' dir='ltr'>conversatione</span> <span class='ocrx_word' id='word_1_157' title='bbox 824 1773 915 1827; x_wconf 88' lang='lat' dir='ltr'>nutri-</span> 
     </span>
     <span class='ocr_line' id='line_1_22' title="bbox 106 1847 914 1920; baseline 0.001 -18"><span class='ocrx_word' id='word_1_158' title='bbox 106 1848 144 1902; x_wconf 90' lang='lat' dir='ltr'>cis</span> <span class='ocrx_word' id='word_1_159' title='bbox 164 1847 262 1916; x_wconf 82' lang='lat' dir='ltr'>eximia</span> <span class='ocrx_word' id='word_1_160' title='bbox 283 1866 366 1920; x_wconf 92' lang='lat' dir='ltr'>puero</span> <span class='ocrx_word' id='word_1_161' title='bbox 389 1849 529 1920; x_wconf 81' lang='lat' dir='ltr'>pernicitas</span> <span class='ocrx_word' id='word_1_162' title='bbox 548 1847 611 1904; x_wconf 82' lang='lat' dir='ltr'>tuit:</span> <span class='ocrx_word' id='word_1_163' title='bbox 632 1849 752 1920; x_wconf 88' lang='lat' dir='ltr'>interque</span> <span class='ocrx_word' id='word_1_164' title='bbox 771 1865 914 1909; x_wconf 83' lang='lat' dir='ltr'>cervorum</span> 
     </span>
     <span class='ocr_line' id='line_1_23' title="bbox 105 1921 915 1997; baseline 0.001 -20"><span class='ocrx_word' id='word_1_165' title='bbox 105 1939 199 1997; x_wconf 80' lang='lat' dir='ltr'>greges</span> <span class='ocrx_word' id='word_1_166' title='bbox 221 1921 269 1976; x_wconf 90' lang='lat' dir='ltr'>diu</span> <span class='ocrx_word' id='word_1_167' title='bbox 291 1932 392 1979; x_wconf 88' lang='lat' dir='ltr'>montes</span> <span class='ocrx_word' id='word_1_168' title='bbox 413 1923 549 1997; x_wconf 87' lang='lat' dir='ltr'>saltusque</span> <span class='ocrx_word' id='word_1_169' title='bbox 568 1923 640 1979; x_wconf 93' lang='lat' dir='ltr'>haud</span> <span class='ocrx_word' id='word_1_170' title='bbox 655 1921 761 1979; x_wconf 87' lang='lat' dir='ltr'>inferior</span> <span class='ocrx_word' id='word_1_171' title='bbox 777 1921 915 1978; x_wconf 85' lang='lat' dir='ltr'>velocitate</span> 
     </span>
     <span class='ocr_line' id='line_1_24' title="bbox 105 1997 915 2072; baseline 0 -20"><span class='ocrx_word' id='word_1_172' title='bbox 105 1997 265 2072; x_wconf 76' lang='lat' dir='ltr'>peragravit.</span> <span class='ocrx_word' id='word_1_173' title='bbox 286 1999 326 2053; x_wconf 82' lang='lat' dir='ltr'>Ad</span> <span class='ocrx_word' id='word_1_174' title='bbox 340 2007 503 2070; x_wconf 85' lang='lat' dir='ltr'>postremum</span> <span class='ocrx_word' id='word_1_175' title='bbox 513 1999 607 2071; x_wconf 90' lang='lat' dir='ltr'>laqueo</span> <span class='ocrx_word' id='word_1_176' title='bbox 616 2009 708 2071; x_wconf 90' lang='lat' dir='ltr'>captus</span> <span class='ocrx_word' id='word_1_177' title='bbox 719 1998 774 2072; x_wconf 84' lang='lat' dir='ltr'>regi</span> <span class='ocrx_word' id='word_1_178' title='bbox 785 1998 854 2052; x_wconf 93' lang='lat' dir='ltr'>dono</span> <span class='ocrx_word' id='word_1_179' title='bbox 864 1999 915 2053; x_wconf 87' lang='lat' dir='ltr'>da-</span> 
     </span>
     <span class='ocr_line' id='line_1_25' title="bbox 106 2073 914 2130; baseline 0 -2"><span class='ocrx_word' id='word_1_180' title='bbox 106 2081 150 2130; x_wconf 90' lang='lat' dir='ltr'>tus</span> <span class='ocrx_word' id='word_1_181' title='bbox 165 2081 214 2128; x_wconf 92' lang='lat' dir='ltr'>est.</span> <span class='ocrx_word' id='word_1_182' title='bbox 244 2075 319 2128; x_wconf 90' lang='lat' dir='ltr'>Tunc</span> <span class='ocrx_word' id='word_1_183' title='bbox 335 2083 360 2128; x_wconf 90' lang='lat' dir='ltr'>et</span> <span class='ocrx_word' id='word_1_184' title='bbox 378 2074 596 2130; x_wconf 82' lang='lat' dir='ltr'>lineamentorum</span> <span class='ocrx_word' id='word_1_185' title='bbox 609 2073 785 2129; x_wconf 88' lang='lat' dir='ltr'>similitudine</span> <span class='ocrx_word' id='word_1_186' title='bbox 802 2081 828 2128; x_wconf 90' lang='lat' dir='ltr'>et</span> <span class='ocrx_word' id='word_1_187' title='bbox 841 2074 914 2128; x_wconf 88' lang='lat' dir='ltr'>notis</span> 
     </span>
     <span class='ocr_line' id='line_1_26' title="bbox 61 2149 912 2222; baseline -0.001 -17"><span class='ocrx_word' id='word_1_188' title='bbox 61 2159 64 2164; x_wconf 88' lang='lat'>&#39;</span> <span class='ocrx_word' id='word_1_189' title='bbox 106 2151 232 2222; x_wconf 89' lang='lat' dir='ltr'>corporis,</span> <span class='ocrx_word' id='word_1_190' title='bbox 249 2167 317 2222; x_wconf 90' lang='lat' dir='ltr'>quae</span> <span class='ocrx_word' id='word_1_191' title='bbox 335 2151 437 2206; x_wconf 89' lang='lat' dir='ltr'>inustae</span> <span class='ocrx_word' id='word_1_192' title='bbox 454 2149 565 2221; x_wconf 88' lang='lat' dir='ltr'>parvulo</span> <span class='ocrx_word' id='word_1_193' title='bbox 579 2149 690 2216; x_wconf 83' lang='lat' dir='ltr'>fuerant,</span> <span class='ocrx_word' id='word_1_194' title='bbox 703 2165 783 2220; x_wconf 90' lang='lat' dir='ltr'>nepos</span> <span class='ocrx_word' id='word_1_195' title='bbox 794 2149 912 2222; x_wconf 85' lang='lat' dir='ltr'>agnitus.</span> 
     </span>
     <span class='ocr_line' id='line_1_27' title="bbox 106 2225 915 2298; baseline -0.002 -18"><span class='ocrx_word' id='word_1_196' title='bbox 106 2225 288 2281; x_wconf 88' lang='lat' dir='ltr'>Admiratione</span> <span class='ocrx_word' id='word_1_197' title='bbox 301 2225 395 2280; x_wconf 89' lang='lat' dir='ltr'>deinde</span> <span class='ocrx_word' id='word_1_198' title='bbox 408 2233 444 2280; x_wconf 90' lang='lat' dir='ltr'>tot</span> <span class='ocrx_word' id='word_1_199' title='bbox 454 2243 565 2280; x_wconf 90' lang='lat' dir='ltr'>casuum</span> <span class='ocrx_word' id='word_1_200' title='bbox 579 2225 811 2298; x_wconf 87' lang='lat' dir='ltr'>periculorumque</span> <span class='ocrx_word' id='word_1_201' title='bbox 823 2225 856 2278; x_wconf 89' lang='lat' dir='ltr'>ab</span> <span class='ocrx_word' id='word_1_202' title='bbox 866 2242 915 2278; x_wconf 90' lang='lat' dir='ltr'>eo-</span> 
     </span>
     <span class='ocr_line' id='line_1_28' title="bbox 106 2299 915 2376; baseline 0.001 -22"><span class='ocrx_word' id='word_1_203' title='bbox 106 2299 167 2354; x_wconf 88' lang='lat' dir='ltr'>dem</span> <span class='ocrx_word' id='word_1_204' title='bbox 181 2317 316 2356; x_wconf 82' lang='lat' dir='ltr'>successor</span> <span class='ocrx_word' id='word_1_205' title='bbox 330 2300 405 2376; x_wconf 79' lang='lat' dir='ltr'>regni</span> <span class='ocrx_word' id='word_1_206' title='bbox 414 2300 570 2356; x_wconf 89' lang='lat' dir='ltr'>destinatur.</span> <span class='ocrx_word' id='word_1_207' title='bbox 591 2303 692 2357; x_wconf 89' lang='lat' dir='ltr'>Nomen</span> <span class='ocrx_word' id='word_1_208' title='bbox 705 2300 745 2354; x_wconf 89' lang='lat' dir='ltr'>illi</span> <span class='ocrx_word' id='word_1_209' title='bbox 755 2299 915 2372; x_wconf 88' lang='lat' dir='ltr'>impositum</span> 
     </span>
     <span class='ocr_line' id='line_1_29' title="bbox 97 2373 915 2449; baseline 0.004 -22"><span class='ocrx_word' id='word_1_210' title='bbox 97 2373 230 2444; x_wconf 20' lang='lat' dir='ltr'>illabidis3</span> <span class='ocrx_word' id='word_1_211' title='bbox 252 2375 300 2446; x_wconf 87' lang='lat' dir='ltr'>qui</span> <span class='ocrx_word' id='word_1_212' title='bbox 319 2383 349 2429; x_wconf 93' lang='lat' dir='ltr'>ut</span> <span class='ocrx_word' id='word_1_213' title='bbox 367 2393 479 2449; x_wconf 81' lang='lat' dir='ltr'>regnum</span> <span class='ocrx_word' id='word_1_214' title='bbox 495 2377 601 2448; x_wconf 85' lang='lat' dir='ltr'>accepit,</span> <span class='ocrx_word' id='word_1_215' title='bbox 618 2385 704 2432; x_wconf 87' lang='lat' dir='ltr'>tantae</span> <span class='ocrx_word' id='word_1_216' title='bbox 716 2374 915 2449; x_wconf 82' lang='lat' dir='ltr'>magnitudinis</span> 
     </span>
     <span class='ocr_line' id='line_1_30' title="bbox 105 2445 917 2523; baseline 0.01 -25"><span class='ocrx_word' id='word_1_217' title='bbox 105 2445 165 2509; x_wconf 85' lang='lat' dir='ltr'>fuit,</span> <span class='ocrx_word' id='word_1_218' title='bbox 183 2457 279 2502; x_wconf 91' lang='lat' dir='ltr'>utnon</span> <span class='ocrx_word' id='word_1_219' title='bbox 294 2448 391 2504; x_wconf 82' lang='lat' dir='ltr'>frustra</span> <span class='ocrx_word' id='word_1_220' title='bbox 404 2451 514 2506; x_wconf 89' lang='lat' dir='ltr'>deorum</span> <span class='ocrx_word' id='word_1_221' title='bbox 528 2452 661 2506; x_wconf 88' lang='lat' dir='ltr'>maiestate</span> <span class='ocrx_word' id='word_1_222' title='bbox 675 2449 845 2523; x_wconf 88' lang='lat' dir='ltr'>tctpericulis</span> <span class='ocrx_word' id='word_1_223' title='bbox 854 2467 917 2506; x_wconf 85' lang='lat' dir='ltr'>ere·-</span> 
     </span>
     <span class='ocr_line' id='line_1_31' title="bbox 105 2521 915 2600; baseline 0.014 -29"><span class='ocrx_word' id='word_1_224' title='bbox 105 2527 167 2600; x_wconf 89' lang='lat' dir='ltr'>ptus</span> <span class='ocrx_word' id='word_1_225' title='bbox 192 2521 338 2590; x_wconf 86' lang='lat' dir='ltr'>videretur;</span> <span class='ocrx_word' id='word_1_226' title='bbox 365 2525 465 2596; x_wconf 88' lang='lat' dir='ltr'>quippe</span> <span class='ocrx_word' id='word_1_227' title='bbox 492 2526 635 2581; x_wconf 86' lang='lat' dir='ltr'>barbarum</span> <span class='ocrx_word' id='word_1_228' title='bbox 655 2527 785 2599; x_wconf 90' lang='lat' dir='ltr'>populum</span> <span class='ocrx_word' id='word_1_229' title='bbox 805 2525 915 2600; x_wconf 82' lang='lat' dir='ltr'>legibus</span> 
     </span>
     <span class='ocr_line' id='line_1_32' title="bbox 105 2593 917 2674; baseline 0.017 -32"><span class='ocrx_word' id='word_1_230' title='bbox 105 2593 208 2659; x_wconf 74' lang='lat' dir='ltr'>iunxit5</span> <span class='ocrx_word' id='word_1_231' title='bbox 230 2601 255 2646; x_wconf 92' lang='lat' dir='ltr'>et</span> <span class='ocrx_word' id='word_1_232' title='bbox 276 2595 357 2649; x_wconf 88' lang='lat' dir='ltr'>boves</span> <span class='ocrx_word' id='word_1_233' title='bbox 376 2599 479 2667; x_wconf 87' lang='lat' dir='ltr'>primns</span> <span class='ocrx_word' id='word_1_234' title='bbox 498 2610 583 2655; x_wconf 89' lang='lat' dir='ltr'>aratro</span> <span class='ocrx_word' id='word_1_235' title='bbox 603 2601 706 2656; x_wconf 89' lang='lat' dir='ltr'>domari</span> <span class='ocrx_word' id='word_1_236' title='bbox 725 2601 917 2674; x_wconf 81' lang='lat' dir='ltr'>frumentaque</span> 
     </span>
     <span class='ocr_line' id='line_1_33' title="bbox 105 2661 916 2748; baseline 0.018 -33"><span class='ocrx_word' id='word_1_237' title='bbox 105 2661 179 2742; x_wconf 81' lang='lat' dir='ltr'>sulco</span> <span class='ocrx_word' id='word_1_238' title='bbox 197 2683 321 2734; x_wconf 88' lang='lat' dir='ltr'>quaerere</span> <span class='ocrx_word' id='word_1_239' title='bbox 338 2669 440 2737; x_wconf 84' lang='lat' dir='ltr'>docuit:</span> <span class='ocrx_word' id='word_1_240' title='bbox 462 2681 487 2726; x_wconf 89' lang='lat' dir='ltr'>et</span> <span class='ocrx_word' id='word_1_241' title='bbox 499 2690 533 2728; x_wconf 86' lang='lat' dir='ltr'>ex</span> <span class='ocrx_word' id='word_1_242' title='bbox 547 2677 642 2748; x_wconf 80' lang='lat' dir='ltr'>agresti</span> <span class='ocrx_word' id='word_1_243' title='bbox 652 2678 712 2732; x_wconf 92' lang='lat' dir='ltr'>cibo</span> <span class='ocrx_word' id='word_1_244' title='bbox 723 2677 825 2732; x_wconf 87' lang='lat' dir='ltr'>mitiore</span> <span class='ocrx_word' id='word_1_245' title='bbox 840 2678 916 2731; x_wconf 74' lang='lat' dir='ltr'>vesci</span> 
     </span>
     <span class='ocr_line' id='line_1_34' title="bbox 104 2729 916 2826; baseline 0.03 -41"><span class='ocrx_word' id='word_1_246' title='bbox 104 2729 164 2786; x_wconf 84' lang='lat' dir='ltr'>odio</span> <span class='ocrx_word' id='word_1_247' title='bbox 185 2751 285 2801; x_wconf 90' lang='lat' dir='ltr'>eorum,</span> <span class='ocrx_word' id='word_1_248' title='bbox 306 2758 375 2809; x_wconf 92' lang='lat' dir='ltr'>quae</span> <span class='ocrx_word' id='word_1_249' title='bbox 394 2744 451 2814; x_wconf 91' lang='lat' dir='ltr'>ipse</span> <span class='ocrx_word' id='word_1_250' title='bbox 464 2764 559 2816; x_wconf 87' lang='lat' dir='ltr'>passus</span> <span class='ocrx_word' id='word_1_251' title='bbox 574 2749 664 2811; x_wconf 84' lang='lat' dir='ltr'>fuerat.</span> <span class='ocrx_word' id='word_1_252' title='bbox 681 2753 801 2807; x_wconf 89' lang='lat' dir='ltr'>homines</span> <span class='ocrx_word' id='word_1_253' title='bbox 817 2751 916 2826; x_wconf 77' lang='lat' dir='ltr'>coegit.</span> 
     </span>
    </p>
   </div>
   <div class='ocr_carea' id='block_1_8' title="bbox 857 2971 865 3001">
    <p class='ocr_par' dir='ltr' id='par_1_8' title="bbox 857 2971 865 3001">
     <span class='ocr_line' id='line_1_35' title="bbox 857 2971 865 3001; baseline 0 0"><span class='ocrx_word' id='word_1_254' title='bbox 857 2971 865 3001; x_wconf 85' lang='grc' dir='ltr'><em>Ι</em></span> 
     </span>
    </p>
   </div>
   <div class='ocr_carea' id='block_1_9' title="bbox 0 0 1027 3028">
    <p class='ocr_par' dir='ltr' id='par_1_9' title="bbox 0 0 1027 3028">
     <span class='ocr_line' id='line_1_36' title="bbox 0 0 1027 3028; baseline 0 0"><span class='ocrx_word' id='word_1_255' title='bbox 0 0 1027 3028; x_wconf 95' lang='lat' dir='ltr'> </span> 
     </span>
    </p>
   </div>
  </div>
 </body>
</html>
