2022 3010
130 166 162 216 36
366 167 516 213 IUSTINI
534 165 688 212 HISTOR·

129 285 224 340 agrum
239 265 333 320 deduci
347 267 486 337 praecepit,
503 274 532 320 ut
544 265 644 336 primos
655 281 738 318 annos
749 281 800 317 non
812 264 841 318 in
852 263 935 318 luxu-

131 343 177 405 ria,
197 340 243 394 sed
254 341 281 394 in
292 349 402 412 opereet
412 341 556 404 laboribus
570 347 684 412 agerent.
706 337 778 392 Nihil
788 355 833 391 eos
846 339 934 392 somni

128 431 207 468 33333
217 415 391 477 substernere,
403 423 429 468 et
443 416 524 471 vitam
539 415 597 468 sine
611 414 748 484 pulmento
761 412 870 484 degere,
887 430 934 466 ne-

129 505 183 560 que
196 490 271 560 prins
288 490 317 543 in
331 490 425 543 urbem
439 488 532 553 redire,
546 505 627 559 quam
642 488 692 542 viri
702 486 761 540 lacti
771 495 869 552 essent,
882 495 935 542 sta-

128 563 189 616 tuit.
220 563 342 635 Virgines
359 565 417 618 sine
429 563 488 618 dote
500 563 599 618 nubere
608 563 694 626 iussit,
707 569 737 616 ut
747 579 843 617 uxores
854 561 936 634 elige-

129 645 229 702 rentur,
242 655 294 692 333
304 639 443 709 pecuniae;
466 638 637 708 severiusque
646 637 813 691 matrimonia
823 655 872 692 sua
883 635 934 691 viri

129 714 284 777 co'e'rcerent,
303 731 388 786 quum
404 713 485 768 nullis
499 713 567 766 dotis
586 711 666 764 irenis
680 718 839 766 tenerentur.
878 713 935 766 1113-

130 787 237 842 ximum
256 789 382 842 honorem
405 806 459 843 non
478 787 593 842 divitum
612 793 637 840 et
650 786 807 858 potentium,
822 785 869 840 sed
887 803 934 857 pro

129 863 216 936 gradu
236 863 324 917 aetatis
344 881 448 927 senum,
470 879 527 916 esse
545 860 638 916 voluit.
673 861 727 914 Nes
740 878 804 915 sane
818 878 935 932 usquam

129 945 260 991 terrarum
283 937 370 990 locum
397 937 587 991 honoratiorem
607 943 727 989 senectus
742 935 829 990 habet.
866 937 936 990 llaec

129 1011 257 1082 quoniam
267 1011 360 1081 primo,
373 1011 465 1065 solutis
476 1019 549 1064 antea
564 1011 692 1074 moribus,
705 1010 771 1064 dura
782 1010 937 1066 videbates-

129 1102 166 1149 se,
186 1093 316 1138 auctorem
329 1102 419 1139 eorum
430 1085 579 1156 Apollinem
590 1084 745 1154 Delphicum
757 1085 841 1158 fingit,
857 1093 883 1138 et
893 1086 938 1140 in-

129 1158 162 1212 de
175 1176 203 1212 33
218 1177 247 1212 33
258 1176 291 1212 ex
301 1167 435 1230 praecepto
446 1159 564 1214 numinis
575 1159 709 1223 detulisse,
721 1167 751 1212 ut
761 1176 939 1214 consuescen-

129 1232 158 1286 di
172 1232 288 1286 taedium
303 1241 389 1288 metus
403 1233 537 1306 religionis
553 1233 649 1287 vincat.
679 1234 743 1287 Dein
759 1236 939 1289 utaeternita-

128 1316 183 1361 tem
201 1307 305 1380 legibus
322 1309 378 1362 suis
396 1308 477 1372 daret,
494 1307 663 1362 iureiurando
678 1308 777 1381 obligat
791 1309 935 1374 civitatem,

129 1381 198 1437 nibil
213 1399 257 1436 eos
272 1381 305 1434 de
319 1382 376 1436 eius
393 1381 496 1455 legibus
507 1390 660 1445 mutaturos,
674 1383 831 1453 priusquam
845 1401 938 1438 rever-

130 1464 239 1512 teretur:
260 1465 285 1510 et
294 1456 408 1521 simulat,
421 1474 449 1510 se
462 1457 495 1511 ad
509 1457 645 1510 oraculum
662 1456 817 1527 Delphicum
828 1459 939 1528 prolici-

65 1583 67 1602 )
130 1533 178 1598 331,
195 1531 388 1595 consulturum,
403 1531 469 1602 quid
479 1531 629 1585 addendum
641 1532 853 1603 mutandumque
868 1533 939 1607 legi-

129 1608 181 1662 bus
195 1607 336 1662 videretur.
367 1606 542 1661 Proticiscitnr
552 1613 638 1660 autem
649 1605 761 1671 Cretam,
774 1606 864 1678 ibique
874 1625 939 1679 per-

129 1693 240 1752 petuum
255 1681 380 1735 exsilium
390 1681 452 1752 egit,
464 1681 596 1754 abiicique
606 1681 633 1734 in
645 1697 716 1735 mare
725 1698 783 1735 ossa
795 1699 842 1736 sua
853 1683 939 1738 mori-

130 1773 179 1808 ens
193 1755 279 1818 iussit,
298 1772 330 1808 ne
340 1753 427 1808 relatis
437 1755 667 1819 Lacedaemonem,
680 1755 778 1810 solutos
791 1775 819 1810 se
828 1757 939 1826 Sparta-

130 1829 158 1882 ni
173 1826 299 1899 religione
317 1827 489 1882 iurisiurandi
505 1829 533 1883 13
548 1829 725 1884 dissolvendis
743 1830 847 1904 legibus
863 1833 940 1886 arbi-

130 1910 271 1956 trarentur.

184 1975 254 2031 Car.
275 1975 320 2030 IV.
340 1975 387 2030 His
402 1975 484 2048 igitur
497 1977 617 2032 moribus
632 1979 667 2032 ita
681 1979 756 2034 brevi
771 1980 863 2035 civitas
872 1999 940 2036 con-

132 2051 223 2116 valuit,
243 2059 281 2114 ut,
299 2067 384 2122 quum
399 2051 535 2105 Messeniis
551 2061 655 2124 propter
670 2061 800 2124 stupratas
816 2055 940 2128 virgines

130 2146 193 2182 suas
204 2127 232 2182 in
243 2125 354 2181 solemni
367 2125 557 2180 Messeniorum
568 2127 703 2192 sacrificio,
717 2128 817 2183 bellum
828 2130 942 2185 intulis-

130 2211 198 2267 sent,
210 2201 368 2276 gravissima
381 2218 410 2255 se
418 2202 596 2256 exsecratione
604 2203 802 2269 obstrinxerint,
816 2223 868 2259 nou
880 2207 944 2276 pri-

129 2294 254 2347 usquam
265 2275 422 2331 Messeniam
431 2285 636 2349 expugnassent,
644 2295 808 2347 reversuros;
831 2287 943 2336 tantum

129 2350 229 2404 sibivel
240 2350 273 2403 de
284 2350 386 2404 viribus
396 2352 461 2413 3313,
475 2352 515 2405 vel
526 2352 558 2406 de
570 2351 673 2407 fortuna
683 2353 850 2422 spondentes.
861 2354 944 2419 Quae

129 2439 171 2476 res
187 2423 294 2476 initium
304 2422 477 2478 dissensionis
489 2425 621 2490 Graeciae,
635 2434 659 2480 et
672 2426 788 2481 intestini
800 2427 944 2484 113111333-
1005 2469 1006 2500 q

116 2512 158 2550 rsa
178 2505 203 2548 et
220 2496 294 2566 origo
308 2495 368 2549 fuit.
397 2497 489 2567 Itaque
503 2517 587 2569 quum
609 2507 696 2554 contra
711 2501 942 2571 praesumtionem
1005 2501 1006 2560 l

114 2571 206 2648 ‘suam
217 2569 294 2621 annis
304 2567 392 2621 decem
403 2569 431 2622 iu
441 2571 577 2628 obsidione
587 2575 662 2628 urbis
673 2585 944 2650 tenerentur,etque-
1005 2569 1006 2628 l

113 2637 191 2689 ί113113
211 2657 326 2698 uxorum
346 2648 405 2711 post
419 2649 472 2696 tam
488 2643 595 2719 longam
612 2648 765 2704 viduitatem
781 2669 945 2710 revocaren-
