2044 3028
375 207 446 253 LIB.
467 207 555 255 xuv.
588 209 669 254 OAP.
691 208 714 252 5.
861 226 863 230 ’
895 199 946 255 275

147 308 233 364 Huius
253 324 330 361 casus
348 306 460 362 fabulosi
481 307 639 372 viderentur,
662 307 714 361 nisi
729 314 754 360 et
768 306 946 362 Romanorum

148 383 292 440 conditores
312 381 373 452 lupa
395 381 494 445 nutriti,
508 382 638 456 etCyrus‚
657 397 703 436 rex
717 383 865 442 Persarum,
883 399 947 438 cane

148 459 227 514 alitus
243 457 404 528 proderetur.
434 457 475 511 nb
489 456 538 520 hoc¹
547 465 571 510 et
581 457 724 511 ministeria
734 456 839 512 servilia
848 456 947 529 populo

148 533 284 588 interdieta
299 540 324 586 ot
337 531 412 602 plebs
423 531 450 584 in
461 540 559 602 septem
572 532 649 586 urbes
659 531 753 586 divisa.
783 532 885 586 Mortuo
895 533 948 586 Ha-

119 657 121 663 .
148 607 210 664 bide
223 624 336 680 regnum
351 624 399 678 per
411 606 494 661 multa
508 605 595 661 secula
610 605 828 662 aauecessoribus
838 607 896 662 eius
905 623 948 662 re·

148 690 250 738 tentum
263 689 311 736 est.
341 682 371 735 ln
389 680 439 736 alia
453 690 525 753 parte
538 682 678 753 Hispaniae
691 690 716 736 et
730 698 798 754 quae
807 699 840 736 ex
849 681 946 736 insulis

147 764 255 822 constat,
276 774 390 830 regnum
408 774 487 827 penes
507 756 661 830 Geryonem,
673 756 733 811 tuit.
760 757 790 810 lu
807 756 857 810 hac
875 757 946 810 tanta

147 831 240 905 pabuli
254 830 348 886 laetitia
365 839 412 896 est,
429 839 466 896 ut,
479 832 531 886 nisi
542 832 696 886 abstinentia
707 831 867 903 interpellata
875 831 948 904 sagi-

149 905 289 972 maluerit,
309 924 400 977 pecora
420 921 587 978 rumpantur.
617 906 681 960 luda
700 906 815 977 denique
828 913 945 962 armenta

147 981 285 1055 Geryonis¹
306 998 374 1054 quae
383 980 437 1035 illis
450 981 612 1052 temporibus
622 981 691 1036 solae
700 999 762 1052 opes
771 981 943 1048 habebantur,

147 1065 234 1114 tantae
252 1055 335 1113 lamae
357 1057 437 1121 luere,
454 1065 484 1111 ut
497 1055 636 1112 Herculem
649 1074 682 1112 ex
697 1056 759 1111 Asia
769 1055 879 1127 praedae
889 1073 947 1111 ma·

145 1131 286 1205 gnitudina
299 1131 439 1186 illexerint.
469 1133 547 1187 Porro
562 1131 709 1205 Geryonem
725 1131 813 1204 ipsum
829 1149 882 1187 non
897 1131 945 1186 tri-

145 1206 222 1278 plicis
243 1214 359 1271 naturae,
383 1213 414 1260 ut
429 1205 526 1261 sabulis
541 1207 668 1278 proditur,
688 1207 770 1262 luisse
786 1206 881 1272 ferunt,
898 1205 945 1262 sed

146 1291 199 1336 tres
217 1280 309 1335 fratres
327 1287 412 1336 tantae
431 1282 582 1336 concordiae
600 1283 724 1348 extitisse,
746 1291 775 1338 ut
787 1301 841 1338 uno
855 1283 945 1338 animo

145 1373 237 1410 omnes
250 1355 306 1430 regi
323 1355 488 1410 viderentur:
509 1374 557 1410 nec
570 1357 668 1412 bellum
681 1358 784 1412 Herculi
795 1376 843 1412 sua
853 1363 945 1429 sponte

146 1431 279 1499 intulisse3
301 1430 357 1494 sed,
374 1447 459 1502 quum
469 1441 639 1486 armentasua
649 1433 705 1503 rapi
715 1433 850 1498 vidissent,
863 1431 944 1486 amis-

123 1547 128 1554 .
143 1523 174 1560 sa
184 1505 253 1560 bello
262 1506 395 1576 repetisse.

200 1581 269 1636 Cau.
282 1581 314 1636 V.
334 1582 395 1638 Post
406 1598 486 1654 regna
499 1580 592 1636 deinde
602 1581 742 1652 Hispaniae
751 1579 830 1652 primi
836 1579 945 1638 Cartba-

142 1655 277 1729 ginienses
287 1655 428 1727 imperium
439 1656 588 1727 provinciae
596 1673 762 1726 occupavere.
785 1657 944 1726 Namquum

144 1729 268 1786 Gaditani
282 1749 296 1786 a
310 1733 389 1805 Tyro,
410 1731 480 1786 unde
499 1739 524 1785 et
537 1731 798 1804 Carthaginiensibus
811 1729 885 1802 origo
893 1737 941 1796 est,

142 1821 217 1860 sacra
231 1805 349 1860 Herculis
361 1823 408 1878 per
420 1807 535 1878 quietem
550 1807 615 1861 iussi
626 1807 653 1860 in
664 1805 816 1876 Hispaniam
829 1813 945 1860 transtu-

143 1879 244 1945 lissent,
256 1881 403 1953 urbemque
413 1881 450 1935 ibi
458 1880 650 1950 condidissent:
670 1880 850 1936 invidentibus
860 1881 945 1936 inere·

143 1955 240 2010 mentis
255 1974 337 2011 novae
347 1957 421 2010 urbis
435 1955 554 2010 finitimis
565 1957 703 2028 Hispaniae
717 1956 832 2028 populis,
841 1973 874 2021 ao
883 1973 945 2028 pro·

142 2038 231 2102 pterea
245 2030 387 2088 Gaditanos
400 2030 468 2087 bello
479 2030 674 2095 lacessentibus,
691 2032 823 2086 auxilium
833 2049 945 2086 consau-

141 2104 249 2179 guineis
262 2105 489 2180 Carthaginienses
503 2107 607 2161 misere.
637 2106 677 2160 lbi
695 2105 763 2161 felici
780 2105 944 2177 expeditione
984 2110 987 2114 ’

141 2187 168 2236 et
178 2177 320 2236 Gaditanos
332 2182 365 2236 ab
376 2182 473 2236 iniuria
483 2181 691 2245 vindicaverunt,
708 2189 733 2235 et
745 2181 870 2236 maiorem
883 2199 945 2253 par-

141 2264 195 2310 tem
205 2255 355 2327 provinciae
364 2257 474 2328 imperio
486 2273 536 2310 suo
545 2255 703 2310 adiecerunt.
724 2257 814 2312 Postea
824 2273 941 2329 quoque,

141 2329 307 2386 hortantibus
322 2333 422 2402 primae
434 2330 608 2402 expeditionis
624 2331 757 2402 auspiciis,
769 2330 944 2386 Hamilcarem

141 2405 324 2478 imperatorem
334 2423 396 2460 cum
406 2423 501 2479 magna
513 2423 594 2461 mauu
605 2404 638 2460 ad
646 2406 824 2477 occupandam
834 2406 945 2477 provin-

141 2481 209 2534 ciam
225 2480 334 2536 misere:
354 2481 401 2553 qui
416 2481 521 2554 magnis
536 2481 614 2535 rebus
626 2481 715 2554 gestis,
733 2480 798 2537 dum
811 2480 943 2534 fortunam

140 2554 316 2610 inconsultius
335 2555 468 2628 sequitur,
484 2557 511 2610 iu
530 2556 640 2610 insidias
659 2554 787 2610 deductus
805 2554 941 2610 occiditur.

140 2631 171 2686 ln
181 2628 264 2684 huius
273 2630 360 2686 locum
370 2647 451 2704 gener
461 2630 545 2702 ipsius
556 2629 703 2684 Hasdrubal
715 2629 839 2695 mittitur3
860 2628 943 2698 quiet

140 2704 197 2780 ipse
211 2723 227 2759 a
241 2723 317 2760 servo
325 2705 436 2778 Hispani
448 2705 596 2770 cuiusdam,
610 2704 749 2759 ulciscente
756 2701 858 2755 domini
870 2701 942 2754 iniu-

729 2792 776 2848 52
