2044 3028
139 199 190 254 208
373 205 523 250 ruamur
542 205 699 251 aaaron.

138 313 202 361 tates
216 311 396 375 occupaverat.
426 304 510 377 Igitur
524 311 638 368 senatus,
656 320 689 358 ne
702 319 756 358 uno
765 311 882 375 tempore
891 303 940 358 du·

138 379 200 450 p'ici
211 377 279 432 bello
289 379 421 433 Romanae
431 379 499 433 vires
510 379 694 442 detinerentur,
702 377 808 449 scripsit
813 377 941 433 Flamini-

139 470 186 506 no:
208 453 232 506 si
250 457 274 506 ei
292 457 422 518 videatur,
443 458 522 506 sicuti
535 454 715 509 Macedoniam
727 471 747 506 a
760 453 886 520 Phiiippo,
902 457 940 508 tta

141 527 281 582 Graeciam
294 545 311 581 a
326 528 427 583 Nabide
441 531 538 581 liberet.
573 526 614 582 Ob
624 543 706 599 quam
716 543 823 581 causam
833 527 941 597 imperi-

139 618 187 655 um
201 601 225 654 ei
239 609 409 674 prorogatum
424 609 471 655 est.
502 601 628 655 Terribiie
643 600 743 673 quippe
752 600 876 656 Antiochi
885 601 941 656 bel-

140 674 197 730 lum
211 675 366 730 Hannibalis
382 693 477 730 nomen
488 673 606 741 faciebat,
623 693 703 747 quem
721 675 819 730 aemuli
828 675 885 730 eius
898 693 941 730 oc·

138 749 217 804 cultis
236 749 366 805 mandatis
385 767 446 804 cum
465 749 592 805 Antiocho
611 751 692 804 inisse
709 750 856 804 societatem
870 751 942 822 apud

138 825 271 879 Romanos
292 825 506 889 criminabantur,
527 833 651 898 negantes
669 839 730 879 eum
752 839 836 897 aequo
853 826 943 879 animo

139 900 191 954 sub
211 899 315 974 iegibus
328 900 426 964 vivere,
441 899 579 953 adsuetum
593 898 717 971 imperio,
733 908 758 954 et
771 899 942 955 immoderata

141 973 246 1028 licentia
257 973 378 1043 militeri3
400 991 555 1045 semperque
568 973 651 1029 taedio
661 974 757 1046 quietis
766 974 884 1029 urbanae
894 992 943 1029 no-

141 1065 187 1103 ves
200 1047 263 1103 beili
272 1066 364 1104 causas
373 1048 581 1120 circumspicere.
602 1048 675 1114 Quae
688 1047 736 1102 etsi
747 1047 811 1103 falsa
822 1049 944 1104 nuntiata

140 1122 259 1187 inissent,
272 1123 343 1194 apud
354 1123 473 1178 timentes
482 1130 569 1177 tamen
578 1139 626 1194 pro
636 1122 705 1177 veris
715 1122 889 1178 habebantur.

196 1197 263 1251 Gar.
282 1198 312 1251 11.
332 1197 451 1270 Denique
460 1205 566 1253 senatus
577 1204 647 1251 metu
656 1196 794 1268 perculsus
804 1196 838 1252 ad
848 1213 945 1268 specu-

140 1269 232 1325 landos
251 1277 324 1325 ectus
343 1271 498 1326 Hannibalis
518 1271 632 1346 legatum
650 1271 678 1326 iu
692 1270 807 1326 Africam
822 1271 944 1327 Gnaeum

139 1343 282 1400 Servilium
301 1346 381 1400 mittit
388 1365 399 1405 ;»
416 1347 494 1418 eique
507 1347 591 1400 tacitis
610 1345 741 1406 mandetis
757 1346 897 1417 praecipit:
919 1348 945 1400 si

139 1427 234 1492 posset,
248 1437 308 1475 cum
318 1437 364 1492 per
372 1421 489 1476 aemulos
499 1422 556 1475 eius
571 1420 723 1475 interficeret
735 1427 861 1492 metuque
871 1421 944 1475 invi-

140 1495 164 1549 si
177 1495 292 1550 nominis
307 1495 411 1550 tandem
426 1495 555 1567 populum
565 1497 714 1550 Romanum
730 1493 860 1549 liberaret.
891 1495 946 1550 Sed

141 1586 182 1624 ros
196 1569 368 1624 Hannibalem
384 1587 435 1624 non
450 1571 496 1624 diu
513 1569 595 1632 latuit,
607 1568 696 1624 virum
710 1568 743 1623 ed
758 1569 945 1641 prospicienda

140 1645 309 1716 cavendaque
327 1644 442 1716 pericula
460 1652 590 1716 paratum,
607 1661 654 1698 nec
670 1643 760 1698 minus
774 1645 802 1698 in
816 1644 945 1700 secundis
1000 1681 1001 1708 a

141 1718 259 1783 adversa,
271 1737 353 1789 quam
368 1719 395 1773 in
406 1719 522 1774 adversis
533 1718 647 1774 secunda
656 1719 823 1792 cogitantem.
855 1719 946 1792 Igitur
1000 1721 1001 1770 1

140 1811 226 1864 quum
236 1801 286 1848 tota
297 1792 339 1848 die
349 1794 377 1848 in
391 1791 474 1848 ocutis
483 1793 634 1865 principum
650 1792 780 1866 legatique
789 1794 905 1848 Romani
914 1795 945 1848 in
1000 1813 1001 1820 ¹

141 1866 195 1920 foro
201 1867 458 1940 Carthaginiensium
468 1868 621 1922 obversatus
632 1866 660 1923 in
670 1884 824 1940 supremum
836 1867 943 1932 suisset,

140 1941 367 2012 appropinquante
375 1959 483 2013 vespere
491 1959 590 2014 equum
601 1942 758 2007 conscendit
769 1948 850 1997 etrus
860 1943 947 1997 urbe-
1000 1939 1001 1976 ³

119 2039 121 2042 ·
140 2031 216 2080 num,
233 2015 305 2087 quod
325 2023 429 2087 propter
444 2017 506 2071 litus
519 2017 600 2072 maris
614 2017 734 2082 habebat,
746 2017 846 2090 ignaris
855 2017 947 2072 serris

140 2090 274 2163 iussisque
293 2090 326 2144 ad
345 2097 447 2162 portam
465 2098 634 2146 revertentem
651 2091 772 2163 opperiri,
796 2091 946 2146 contendit.
1000 2089 1001 2154 ἶ

139 2165 256 2222 Habebat
275 2165 312 2220 ibi
332 2181 412 2220 naves
431 2183 493 2220 cum
507 2165 652 2239 remigibus
666 2165 766 2220 occuito
780 2165 843 2220 sinu
856 2165 948 2220 litoris

107 2299 109 2304 ,
141 2239 321 2309 absconditas3
343 2248 397 2295 erat
407 2247 431 2294 et
440 2240 548 2314 grandis
558 2241 586 2294 in
597 2257 626 2294 eo
636 2257 699 2314 egro
708 2240 818 2310 pecunia
828 2256 949 2313 praepa·

140 2321 204 2378 reta,
226 2322 263 2379 ut,
284 2331 371 2386 quum
390 2332 431 2370 res
449 2315 586 2387 exegisset,
603 2331 650 2370 nec
665 2313 878 2388 facultashrgam
897 2333 949 2371 nec

140 2385 228 2454 inopia
248 2395 402 2443 moraretur.
437 2389 511 2444 Lecta
530 2389 612 2462 igitur
633 2405 769 2444 servorum
792 2389 946 2454 iuventute,

129 2475 254 2527 ,quorum
269 2461 369 2531 copiam
380 2461 529 2518 italicorum
543 2463 706 2534 captivorum
722 2479 849 2518 numerus
860 2481 950 2537 auge·

138 2529 191 2593 bat,
205 2549 300 2585 navem
312 2535 471 2596 conscendit.
487 2553 650 2608 cursumque
660 2536 693 2592 ad
705 2537 867 2592 Antiochum
879 2539 951 2593 diri-

138 2601 186 2668 git.
207 2605 310 2658 Postera
321 2604 463 2662 diecivitas
473 2611 618 2682 principem
631 2619 807 2666 suumactum
815 2613 950 2684 temporis

138 2675 272 2728 consulem
284 2677 311 2730 in
322 2677 377 2731 foro
386 2683 557 2750 exspectabat.
579 2684 663 2750 Quem
675 2693 704 2740 ut
714 2685 859 2758 proiectum
873 2705 952 2743 nun-
