1984 3010
343 193 415 236 LIB.
435 193 494 238 XV.
524 195 604 240 CAP.
627 194 649 238 3.
851 189 894 240 l3l

95 292 211 346 lemaeus
225 299 250 344 et
264 290 409 346 Cassander
424 293 553 364 ceterique
569 293 688 347 factionis
702 293 808 348 alterius
818 293 899 348 duces

94 383 180 438 quum
191 365 262 436 carpi
276 383 304 418 se
316 366 437 440 singulos
447 369 481 422 ab
492 368 622 440 Antigono
630 368 756 432 viderent,
772 368 836 422 dum
844 371 900 440 pri-

94 449 186 496 vatum
197 439 374 512 singulorum,
388 459 439 496 non
452 455 591 497 commune
602 443 786 498 universorum
798 443 898 498 bellum

93 515 196 569 ducunt
220 531 268 568 nec
286 515 417 570 auxilium
437 516 503 570 ferre
525 517 589 570 alter
608 516 681 571 alteri
700 517 800 581 volunt,
821 519 898 590 quasi

93 590 202 644 victoria
212 589 301 653 unius,
316 608 368 645 non
379 591 499 644 omnium
510 590 587 645 loret:
608 610 655 662 per
664 592 785 662 epistolas
796 593 900 647 seinvi-

93 682 151 718 cem
175 664 369 730 confirmantes,
392 674 505 736 tempus,
530 665 615 719 locum
627 667 737 720 co'e‘undi
748 666 897 730 condicunt,

90 738 248 810 bellumque
265 739 453 794 communibus
463 740 567 794 viribus
579 741 722 794 instruunt.
753 741 803 794 Cui
812 759 898 812 quum

92 813 240 869 Cassander
255 813 378 868 interesse
391 823 496 886 propter
510 815 653 868 linitimum
665 814 765 869 bellum
776 832 827 868 non
838 833 900 888 pos-

91 895 139 954 set,
153 888 345 960 Lysimachum
359 907 419 944 cum
432 891 585 963 ingentibus
594 891 676 962 copiis
686 889 900 944 inauxiliumso-

91 964 139 1018 ciis
150 963 239 1016 mittit,

147 1121 218 1176 Car.
239 1121 285 1174 lll.
305 1123 368 1176 Erat
395 1121 441 1175 hio
468 1121 645 1196 Lysimachus
667 1121 764 1176 illustri
788 1123 896 1194 quidem

7 1251 8 1254 ,
90 1195 260 1251 Macedoniae
274 1196 329 1251 loco
345 1205 432 1262 natus,
451 1197 497 1250 sed
512 1197 618 1251 virtutis
628 1198 813 1268 experimentis
824 1197 897 1252 omni

90 1270 229 1344 nobilitate
244 1269 351 1339 clari0r3
374 1289 442 1343 quae
456 1279 527 1326 tanta
544 1272 571 1325 in
582 1271 627 1326 illo
638 1271 696 1336 luit,
708 1281 738 1326 ut
748 1272 830 1326 animi
841 1291 898 1326 ma-

89 1345 242 1419 gnitudine,
263 1345 428 1417 philosophia
450 1347 507 1417 ipsa
528 1347 679 1418 viriumque
695 1347 777 1420 gloria
795 1365 895 1411 omnes,

88 1437 139 1492 per
158 1437 227 1492 quos
247 1419 340 1474 Oriens
359 1421 476 1475 domitus
495 1428 543 1484 est,
565 1421 670 1475 vicerit:
692 1421 791 1492 qnippe
811 1439 898 1492 quum

89 1494 242 1549 Alexander
260 1496 373 1568 Magnus
388 1495 575 1550 Callisthenem
590 1495 778 1566 philosophum
794 1503 897 1565 propter

88 1569 258 1628 salutationis
276 1571 392 1624 Persicae
403 1569 597 1642 interpellatum
608 1587 716 1632 morem,
729 1569 895 1634 insidiarum,

90 1644 223 1716 quaesibi
235 1643 337 1714 paratae
347 1644 458 1710 inerant,
471 1644 605 1698 conscium
617 1642 698 1696 fuisse
711 1643 793 1698 iratus
803 1643 898 1698 finxis-

89 1727 139 1785 set,
156 1737 273 1790 eumque
287 1721 413 1774 truncatis
427 1719 567 1774 crudeliter
576 1718 701 1772 omnibns
714 1718 840 1772 membris
850 1719 898 1773 ah-

89 1795 223 1866 scisisque
232 1795 342 1849 auribus
352 1813 382 1849 ao
392 1813 455 1850 naso
466 1794 596 1864 labiisque
607 1793 721 1846 deforme
730 1811 759 1847 ac
768 1795 897 1850 miseran-

89 1869 158 1924 dum
171 1869 351 1940 spectaculum
367 1870 530 1933 reddidisset,
548 1870 656 1939 insuper
671 1885 730 1922 curn
742 1887 805 1923 eane
815 1869 842 1924 in
853 1888 898 1924 ca·

89 1961 139 2000 vea
156 1944 277 1998 clausum
294 1945 441 1999 admotum
462 1953 604 1998 ceterorum
620 1943 810 1999 circumferret:
832 1952 896 1998 tunc

88 2013 278 2092 Lysimachus,
300 2019 391 2074 audire
413 2019 598 2074 Callisthenem
621 2027 645 2072 et
665 2027 800 2089 praecepta
815 2019 848 2072 ab
866 2037 895 2073 eo

89 2095 199 2148 virtutis
213 2094 327 2164 accipere
337 2094 439 2158 solitus,
452 2095 590 2148 miseratus
604 2094 668 2147 tanti
684 2093 793 2146 virinon
803 2093 895 2163 culpae

87 2169 137 2223 sed
157 2168 284 2222 libertatis
299 2186 394 2239 poenas
404 2169 550 2240 pendentis,
564 2185 695 2222 venenum
706 2168 729 2220 ei
740 2167 767 2220 in
779 2168 895 2222 remedia

88 2243 270 2297 calamitatum
286 2243 366 2297 dedit.
397 2243 472 2310 Quod
488 2244 550 2297 adeo
567 2260 643 2315 aegre
657 2241 805 2296 Alexander
824 2242 891 2308 tulit,

88 2325 120 2372 ut
134 2336 196 2372 eum
212 2318 289 2371 obiici
304 2317 464 2372 ferocissimo
480 2318 546 2372 leoni
561 2317 670 2370 iuberet.
701 2316 751 2371 Sed
762 2335 847 2390 quum
861 2318 895 2373 ad

86 2400 261 2463 conspectum
271 2392 328 2446 eius
339 2390 657 2462 concitatusleoimpetum
665 2391 774 2456 lecisset,
783 2410 893 2448 manum

86 2467 206 2521 amiculo
226 2467 372 2521 involutam
392 2467 568 2540 Lysimachus
582 2467 610 2520 in
626 2484 654 2520 os
669 2465 751 2521 leonis
765 2466 894 2520 immersit

85 2550 247 2612 arreptaque
259 2541 439 2614 linguaferam
449 2542 620 2595 exanimavit.
646 2540 721 2606 Quod
731 2558 816 2611 quum
823 2556 889 2592 nun·

85 2615 185 2670 tiatum
196 2615 250 2689 regi
261 2625 336 2681 esset,
349 2616 485 2671 admiratio
495 2616 522 2668 in
534 2613 733 2668 satisfactionem
746 2611 834 2676 cessit;
850 2627 904 2661 ca-v

79 2691 241 2764 rioremque
254 2708 316 2746 eum
333 2699 436 2764 propter
450 2687 622 2744 constantiam
631 2693 715 2740 tantae
727 2683 831 2736 virtutis
845 2683 893 2732 ha-

680 2776 727 2827 12
