1998 3006
309 210 380 256 ms.
399 211 491 257 XXIII.
513 211 591 258 cAP.
612 213 638 258 1.
827 203 875 258 {73

269 437 468 514 niusa
514 437 673 494 xxnn

367 563 586 590 mam

70 646 91 684 A
96 645 116 682 R
122 645 147 684 G.
161 647 211 696 cap.
225 650 244 683 1.
254 648 274 683 2.
290 643 410 694 Agathoclis
427 649 539 694 postremae
556 658 588 706 res
606 650 679 694 gentac-
697 647 717 684 8.
727 645 802 696 Pyrrhi
814 644 876 684 bella.

422 713 441 746 4.
453 710 524 746 Hiero.
553 729 555 734 .

127 803 203 868 Car.
225 813 245 868 I.
265 811 434 886 Agathocles,
451 831 497 868 rex
513 811 628 878 Siciliae,
644 813 796 884 pacificatus
815 831 877 868 cum

70 887 453 962 Carthaginiensib113,partem
459 887 595 944 civitatum
606 907 621 943 a
631 907 659 942 se
670 887 766 942 fiducia
778 889 878 942 virium

70 962 245 1019 dissidentem
260 964 341 1018 armis
358 965 472 1038 subegit.
501 965 567 1018 Dein
582 964 659 1036 quasi
672 963 792 1038 angustis
803 963 879 1018 insu-

72 1038 113 1092 lae
127 1037 248 1092 terminis
263 1037 434 1104 clauderetur,
451 1039 528 1092 cuius
542 1037 646 1110 imperii
663 1047 764 1110 partem
782 1038 877 1110 primis

72 1113 243 1168 incrementis
258 1129 291 1166 ne
307 1121 454 1184 speraverat
465 1113 583 1185 quidem,
596 1115 624 1167 in
634 1113 879 1170 Italiamtranscen-
941 1162 942 1166 ,

71 1187 121 1251 dit,
142 1185 295 1258 exemplum
313 1187 433 1262 Dionysii
452 1196 566 1253 secutus¹
589 1189 637 1260 qui
652 1188 748 1242 multas
763 1189 878 1242 civitates

71 1262 163 1318 Italiae
180 1263 329 1335 subegerat.
359 1261 439 1316 Primi
451 1263 532 1316 initur
542 1263 629 1316 hostes
640 1262 679 1316 illi
691 1263 785 1318 Bruttii
795 1261 876 1328 fuere,

2 1361 3 1366 ¹
71 1337 121 1410 qui
134 1344 160 1390 et
169 1335 306 1390 fortissimi
316 1344 373 1390 tum
383 1304 609 1408 etopuientissimi
619 1337 785 1403 videbantur,
798 1337 878 1392 simul

72 1421 98 1468 et
120 1411 154 1466 ad
170 1411 281 1466 iniurias
296 1409 444 1467 vicinorum
457 1411 564 1484 promti.
592 1414 661 1466 Nam
676 1413 772 1466 multas
788 1413 880 1466 civita-

72 1495 113 1542 tes
128 1486 220 1542 Graeci
236 1486 353 1540 nominis
369 1487 443 1541 Italia
456 1487 623 1558 expuleraut3
646 1495 762 1541 auctores
773 1505 880 1558 quoque

72 1579 138 1617 suos
153 1561 274 1617 Lemnos
289 1561 358 1615 bello
375 1562 500 1627 vicerant,
518 1569 543 1616 et
555 1579 646 1633 pacem
659 1579 719 1614 curn
732 1561 774 1614 his
789 1561 880 1632 aequis

72 1637 181 1710 iegibus
196 1635 318 1690 fecerant.
352 1637 433 1691 Tanta
448 1636 535 1690 feritas
549 1636 699 1690 animorum
714 1643 777 1699 erat,
796 1644 825 1688 ut
835 1652 882 1690 nec

72 1711 173 1785 origini
187 1729 249 1764 suae
260 1720 401 1782 parcerent.
431 1713 552 1782 Namque
562 1709 662 1766 Lucani
673 1710 766 1764 iisdem
778 1708 882 1783 legibus

73 1787 173 1842 liberos
188 1803 260 1849 suos
273 1786 373 1858 quibus
384 1793 409 1840 et
417 1785 547 1858 Spartani,
564 1783 700 1840 instituere
714 1785 783 1840 soliti
797 1791 880 1840 erant.

73 1862 182 1932 Quippe
192 1862 225 1915 ab
236 1862 311 1916 initio
320 1861 465 1934 pubertatis
476 1862 503 1916 in
514 1861 590 1915 siivis
600 1861 627 1915 in
632 1868 668 1914 ter
677 1869 794 1934 pastores
801 1860 883 1916 babe-

72 1938 174 1992 bantur
184 1937 242 1990 sine
251 1935 648 2002 ministerioservili,sineveste‚
657 1935 883 2008 quaminduerent

73 2011 118 2068 vel
133 2013 178 2066 cui
188 2011 357 2066 incubarent:
379 2020 431 2067 uta
442 2012 536 2083 primis
547 2013 624 2066 annis
633 2012 745 2066 duritiae
754 2011 884 2082 parcimo-

73 2087 191 2158 niaeque
210 2085 268 2141 sine
287 2085 342 2141 uilo
362 2101 413 2140 usu
426 2087 501 2141 urbis
521 2087 712 2142 adsuescerent.
742 2087 825 2141 Cibus
840 2085 883 2139 his

73 2163 174 2235 praeda
183 2161 311 2226 venatica,
323 2170 400 2233 potus
410 2169 455 2216 aut
465 2162 538 2216 lactis
547 2169 592 2216 aut
601 2160 713 2217 fontium
724 2159 813 2231 liquor
821 2167 882 2215 erat.

74 2238 120 2293 Sic
133 2237 168 2292 ad
185 2237 288 2291 labores
299 2235 406 2290 bellicos
417 2237 620 2292 indurabantur.
649 2237 748 2292 Horum
760 2235 885 2308 igiturex

75 2330 192 2367 numero
202 2311 398 2386 quinquaginta
407 2311 493 2384 primo
502 2331 535 2366 ex
546 2313 616 2386 agris
626 2306 800 2366 finitimorum
810 2329 886 2384 prae-

75 2389 135 2443 dari
146 2388 226 2454 soliti,
239 2385 667 2454 confluentedeindemultitudine,
676 2385 804 2464 sollicitati
811 2403 886 2457 prae-

75 2463 120 2529 da,
142 2481 229 2536 quum
248 2463 339 2535 plures
354 2461 414 2517 iacti
428 2471 523 2528 essent,
539 2463 645 2518 infestas
661 2462 778 2535 regiones
793 2461 887 2514 redde-

75 2539 153 2594 bant.
184 2541 276 2611 ltaque
300 2537 423 2612 fatigatus
446 2537 561 2610 querelis
587 2537 718 2592 sociorum
742 2534 885 2606 Dionysius

73 2614 184 2669 Siciliae
197 2623 337 2689 tyrannus,
355 2625 490 2668 sexcentos
503 2612 578 2667 Afros
588 2613 620 2666 ad
631 2609 832 2682 compescendos
842 2623 886 2659 eos

74 2690 200 2746 miserat:
223 2706 338 2764 quorum
353 2687 489 2744 castellum
498 2687 632 2762 proditum
641 2686 693 2742 sibi
702 2701 749 2754 per
758 2679 887 2736 Bruttiarn
