2014 3000
359 163 429 207 LIB.
450 163 495 208 VI.
518 164 595 210 CAP.
609 163 641 208 ,2.
869 158 903 210 57

96 265 139 319 rir
153 270 178 318 et
192 261 325 316 industria
335 263 426 332 patior,
438 271 463 316 at
473 263 603 317 militibus
614 264 677 336 Cyri
688 263 822 334 quondam
833 265 904 337 regis

97 338 258 400 instructior,
276 337 305 390 in
320 336 480 408 colloquium
494 345 609 403 vocatur,
625 347 650 392 et
664 338 766 392 statutis
776 339 904 394 conditio-

49 454 52 460 .
99 415 188 478 nibus
210 413 243 466 ab
262 411 344 465 armis
363 411 512 466 dimittitur.
547 415 619 467 Hanc
641 431 695 466 rem
715 413 905 468 Pharnabazus

98 489 168 559 apud
184 503 355 541 communem
370 503 457 560 regem
471 487 634 552 criminatur,
648 497 677 541 ut
686 489 906 544 lacedaemonios

97 567 188 618 Asiam
203 567 333 630 inpressos
342 579 394 615 non
403 567 529 630 repulerit
539 569 629 624 crarta,
642 567 686 616 sed
696 568 905 632 tmpemtsreptte

97 642 210 692 aluerit:
230 645 408 704 mereaturque
427 641 460 691 ab
480 640 528 700 leta,
549 645 578 690 ut
592 641 717 706 differunt
731 641 806 702 bellu,
824 657 906 708 quum

97 720 199 780 peruret,
221 721 346 779 tunquam
358 728 409 764 uon
423 716 458 764 ad
472 716 550 764 unius
564 727 690 764 summurn
704 716 807 778 imperii
821 717 904 766 detri-

97 796 210 840 mentum
227 803 300 838 omne
313 791 455 852 perveniat.
484 787 623 853 Indipnum
638 785 683 847 ait,
700 788 766 839 tetta
780 803 903 856 nonper-

97 866 149 930 fiet,
173 863 218 914 sed
237 863 333 914 redimi
338 880 348 927 ;
367 863 463 913 boetem
480 865 628 928 preti0,uon
641 864 723 913 urente
740 866 905 915 summoveri.

97 936 143 989 His
161 935 271 988 vocibus
286 951 376 1006 regem
392 933 533 988 Tissaterni
544 933 685 988 alienatum
696 933 823 999 hortatur,
835 943 866 989 ut
875 935 903 991 in
915 957 918 961 ·

97 1009 184 1064 locum
196 1009 254 1063 eius
265 1007 366 1063 navalis
376 1008 438 1062 belli
449 1009 543 1063 dtrcem
554 1007 633 1082 eligat
643 1007 748 1064 Conona
759 1007 903 1064 Athenien-

97 1102 163 1148 sem,
179 1084 237 1155 qui,
255 1084 350 1137 amissa
361 1083 430 1137 bello
443 1084 534 1154 patria,
547 1085 627 1158 Cypri
638 1084 786 1138 exsulabat:
809 1091 906 1154 quippe

95 1161 301 1222 Atheniensibus,
312 1163 360 1212 etat
369 1163 471 1228 fructae
479 1164 531 1212 sint
541 1175 608 1226 opes,
619 1169 904 1216 muneretumenncea-

97 1239 146 1288 tem
161 1251 251 1300 usuum
270 1250 325 1296 nee,
340 1236 364 1286 aa·
379 1237 510 1302 elipandus
524 1239 558 1287 sit
572 1251 606 1288 ear
623 1239 758 1298 uniuersis,
771 1239 904 1290 uwtierern

95 1314 179 1364 ultum
200 1325 261 1362 esce.
290 1307 409 1378 Acceptis
418 1308 500 1380 igitur
510 1308 663 1380 quingentis
679 1309 791 1374 talentis,
812 1309 906 1365 iussus

95 1393 134 1438 est
144 1383 253 1438 Conana
263 1379 340 1436 classi
349 1383 494 1454 praeficere.

151 1459 220 1513 Car.
241 1457 274 1511 Il.
296 1458 342 1512 His
358 1459 478 1531 cognitis
498 1457 696 1512 Lacedaemonii
711 1459 801 1528 stipsi
817 1475 905 1530 araga

94 1533 211 1606 Aegypti
231 1533 395 1606 Hercynione
414 1532 513 1587 auxilia
534 1533 635 1586 navalis
655 1529 717 1585 belli
736 1549 783 1602 per
805 1531 904 1604 legatos

94 1615 198 1680 petunt,
219 1625 233 1660 a
250 1625 304 1678 quo
319 1617 424 1662 centum
440 1609 568 1670 triremes,
584 1613 608 1660 et
620 1613 740 1660 sexcenta
752 1603 835 1660 millia
846 1623 904 1662 mo·

95 1684 201 1738 dicrum
212 1681 337 1737 frumenti
347 1683 442 1748 missa3
464 1681 580 1736 arcteris
595 1697 702 1752 quoquc
715 1681 792 1734 scriis
808 1681 902 1754 iugen-

94 1759 129 1813 tia
149 1757 249 1812 auxilia
261 1764 390 1812 contracta
404 1766 476 1812 suut.
507 1755 559 1811 Sed
572 1763 642 1810 tanto
657 1757 792 1822 exercitui,
808 1764 903 1812 atcun-

94 1842 134 1887 tra
155 1840 257 1887 tanturn
277 1832 389 1897 ducem·
401 1833 488 1886 deerat
508 1831 607 1906 dignus
627 1831 777 1902 imperatur.
812 1834 904 1904 ltaque

93 1907 292 1979 postulantibus
307 1907 385 1961 sociis
399 1907 553 1980 Agesilaum
567 1906 670 1971 ducem,
682 1925 769 1980 regern
782 1915 843 1962 tunc
852 1910 903 1961 La-

93 1983 334 2047 cedaemoniorum,
351 1992 456 2054 propter
470 1987 598 2054 responsa
608 1981 707 2036 oraculi
723 1982 838 2052 Delphici
854 1983 902 2036 eliu

92 2057 305 2121 Lacedaemonii,
330 2075 363 2111 au
383 2076 444 2111 eum
464 2075 584 2112 summae
599 2058 636 2110 rei
647 2066 843 2128 praeponerent,
857 2057 901 2110 dc-

92 2133 289 2200 liberaverunt;
312 2133 411 2203 quibus
422 2132 527 2187 tuturus
538 2132 643 2204 imperii
655 2132 716 2185 finis
726 2130 901 2184 denuntiaba-

90 2215 137 2261 tur
148 2224 235 2278 quum
246 2207 349 2280 regium
356 2207 686 2277 claudicassetirnperium;
699 2205 904 2276 eratenimpede

89 2280 216 2336 claudus.
250 2279 292 2335 Ad
302 2289 464 2352 postremum
476 2289 632 2344 statuerunt,
645 2279 740 2333 melius
750 2297 806 2333 esse
817 2280 901 2334 inces-

90 2373 125 2411 su
141 2373 243 2430 regem,
260 2373 343 2428 quarn
358 2357 468 2428 imperio
483 2373 596 2430 regnum
613 2355 769 2410 claudicare.
799 2355 905 2410 Postea-

88 2449 178 2504 quam
188 2431 341 2504 Agesilaum
352 2449 413 2485 cnm
425 2432 577 2505 ingentibus
588 2431 669 2501 copiis
680 2431 707 2484 in
718 2431 808 2486 Asiam
822 2430 902 2482 mise-

88 2525 128 2571 re,
149 2523 202 2560 nnn
215 2506 291 2560 facilc
304 2506 427 2568 dixerim,
441 2507 512 2577 qtrcd
522 2505 594 2560 aliud
605 2523 651 2575 par
661 2504 760 2558 ducum
772 2512 825 2556 tarn
836 2502 904 2553 benc

87 2589 275 2652 comparatum
296 2579 387 2634 tuerit:
412 2582 511 2653 quippe
532 2587 610 2643 actae,
636 2579 729 2642 virtus,
750 2573 902 2634 consilinm,

81 2655 223 2728 sapientia
237 2655 346 2727 utrique
360 2673 441 2727 prope
457 2673 518 2720 una,
535 2653 618 2726 gloria
633 2669 740 2724 qrrnque
755 2661 843 2702 rerum
856 2658 904 2714 ge·
