2022 3010
340 147 491 197 IUSTINI
509 139 665 190 HISTOR.

239 439 437 498 niuno
485 407 818 500 onrnrusj

403 573 623 606 ..ad-...x

107 695 176 733 ABG.
191 695 239 742 Cup.
247 693 310 730 1-4.
320 687 436 728 Alcibiadis
446 699 477 723 res
487 691 552 734 gestae
560 683 582 721 in
590 682 643 720 bello
652 677 833 729 Peloponnesiaco.
847 679 917 728 &Ly-

154 755 223 796 sandri
236 757 260 794 de
270 769 292 793 eo
301 752 396 797 victoria,
410 754 428 788 6.
439 751 492 786 etde
503 750 592 804 Qonone.
609 749 628 784 8.
638 749 656 784 ⁹.
665 743 770 794 Lysander
777 741 871 780 Athenas
881 754 916 779 oc-

127 869 129 878 Ι
155 828 222 872 cupas.
239 826 258 858 9.
269 825 300 858 10.
311 814 451 865 Thrasybulus
463 811 548 860 triginta
561 817 658 860 tyrannos
673 805 755 850 evertit,
770 803 918 855 civitatemque

154 886 236 924 liberat.
257 889 287 922 11.
296 879 357 919 Darii
368 890 427 915 mors.
440 874 487 923 Cyri
497 871 606 922 expeditio·
619 869 740 909 Artaxerxis
749 881 839 917 regnum.

165 991 241 1056 Cir.
261 999 283 1052 Ι.
303 999 374 1051 Dum
392 991 566 1047 Athenienses
588 988 616 1042 in
635 985 724 1041 Sicilia
747 983 850 1040 bellum
869 999 919 1055 per

108 1075 247 1132 biennium
259 1071 392 1142 cupidius,
403 1084 485 1139 quam
495 1063 606 1127 felicius,
618 1068 724 1134 gerunt,
738 1059 843 1114 interim
853 1075 919 1113 eon-

109 1152 173 1206 citor
183 1157 208 1202 et
216 1149 274 1202 dux
284 1147 341 1200 eius
351 1141 499 1198 Alcibiades
510 1140 605 1194 absens
613 1137 724 1193 Athenis
734 1133 916 1198 insimulatur,

110 1224 235 1298 mysteria
255 1220 357 1277 Cereris
376 1216 514 1273 Initiorum
534 1230 614 1278 sacra,
635 1210 710 1266 nullo
728 1209 813 1282 magis
833 1226 919 1281 quam

110 1299 215 1355 silentio
233 1296 374 1360 solemnia,
391 1290 583 1346 enuntiavisse:
610 1294 798 1357 revocatusque
815 1303 830 1338 a
847 1282 920 1338 bello

111 1374 145 1434 ad
163 1373 308 1436 iudicium,
330 1371 387 1424 sive
401 1365 587 1423 conscientiam
603 1363 661 1415 sive
679 1359 865 1433 indignitatem
880 1357 920 1412 rei

112 1468 165 1505 non
185 1448 280 1512 ferens,
305 1445 398 1500 tacitus
414 1443 442 1496 in
463 1439 587 1496 exsilium
601 1435 706 1490 Elidem
719 1432 849 1506 profectus
867 1441 918 1487 est.

111 1525 185 1590 lnde,
202 1523 249 1579 ubi
263 1541 315 1576 non
326 1520 482 1575 damnatum
497 1533 525 1569 se
536 1520 646 1575 tantum,
661 1509 841 1565 verumetiam
851 1508 920 1562 diris

113 1618 159 1672 per
171 1600 292 1654 omnium
307 1594 471 1650 sacerdotnm
491 1589 630 1662 religiones
644 1585 769 1640 devotum
784 1584 919 1656 cognovit,

114 1675 309 1729 Lacedaemona
323 1688 351 1723 se
363 1667 482 1730 contulit,
495 1665 587 1737 ibique
600 1679 687 1736 regem
700 1659 921 1714 Lacedaemonio-

113 1767 174 1802 rum
194 1746 313 1816 impellit,
335 1743 447 1797 turbatis
465 1738 670 1795 Atheniensibus
690 1735 801 1790 adverso
815 1733 921 1789 Siciliae

113 1821 220 1894 proelio,
233 1820 302 1874 ultro
312 1817 412 1871 bellum
426 1814 531 1869 inferre.
556 1813 615 1879 Quo
625 1811 700 1875 iacto,
712 1810 802 1864 omnia
813 1809 922 1864 Graeci-

114 1914 144 1951 ae
153 1892 319 1966 regna,velnt
326 1892 360 1946 ad
369 1889 594 1962 exstinguendum
602 1903 743 1941 commune
754 1884 919 1948 incendium,

114 1975 287 2026 concurrunt:
323 1973 426 2020 tantum
445 1965 538 2020 odium
557 1963 730 2031 Athenienses
753 1959 922 2014 immoderati

114 2045 219 2118 imperii
237 2042 388 2098 erudelitate
400 2047 591 2095 contraxerant.
626 2037 721 2090 Darius
736 2052 857 2107 quoque,
874 2051 922 2089 rex

114 2125 264 2185 Persarum,
278 2135 379 2173 memor
391 2115 491 2188 paterni
503 2115 620 2184 avitique
633 2113 660 2166 in
671 2111 740 2166 hanc
751 2111 844 2165 urbem
854 2110 920 2174 odii,

115 2198 256 2252 saetacum
272 2191 483 2250 Lacedaemoniis
498 2208 544 2260 per
558 2187 742 2250 Tissalernem‚
762 2184 923 2257 praelectum

116 2273 225 2346 Lydiae,
241 2271 368 2333 societate,
384 2283 491 2322 omnem
505 2272 623 2318 sumtum
639 2261 702 2316 belli
711 2261 858 2332 pollicetur.
889 2261 925 2313 Et

116 2355 170 2399 erat
181 2347 224 2398 hic
233 2345 342 2414 quidem
352 2341 445 2396 titulus
456 2357 517 2394 cum
529 2339 634 2393 Graecis
648 2337 773 2390 coeundi:
794 2352 822 2388 re
833 2342 924 2389 autem

117 2437 178 2473 vera
193 2419 309 2478 timebat,
323 2435 355 2470 ne
367 2416 442 2469 victis
453 2413 658 2469 Atheniensibus
668 2411 702 2465 ad
712 2429 740 2464 se
749 2409 925 2464 Lacedaemo-

117 2493 155 2544 nii
166 2510 237 2545 arma
252 2490 430 2542 transferrent.
463 2488 529 2554 Quis
539 2488 620 2560 igitur
630 2487 747 2550 miretur,
765 2494 817 2539 tam
829 2483 925 2538 lloren-

117 2571 156 2616 tes
170 2563 371 2617 Atheniensium
385 2579 448 2632 cpes
463 2562 557 2626 ruisse,
574 2580 659 2633 quum
676 2560 708 2615 ad
721 2558 926 2631 opprimendam

118 2649 200 2688 unam
216 2637 309 2690 urbem
329 2637 408 2690 totius
423 2635 536 2690 Orientis
552 2637 621 2691 vires
636 2632 838 2690 concurrerent?
863 2635 926 2689 Non
