2044 3028
314 209 384 254 Lrn.
405 210 545 256 xxxvur.
577 211 657 256 ear.
679 212 705 256 4.
862 205 914 259 237

109 307 272 363 Mithridates
292 304 437 362 societatem
457 326 518 364 oum
532 311 653 382 Tigrane,
671 310 770 364 bellum
786 310 913 365 adversus

109 384 241 438 Romanos
261 389 393 456 gesturuS,
413 383 515 456 iungit:
539 385 661 457 pactique
676 386 742 439 inter
757 403 785 439 se
799 394 870 450 sunt,
883 393 914 440 ut

110 457 189 511 urbes
200 456 310 530 agrique
324 457 476 522 Mithridati,
489 459 608 514 homines
620 477 680 514 vero
690 467 715 514 et
728 477 913 532 quaecumque

108 531 206 586 anierri
221 538 336 603 possent,
349 531 456 605 Tigrani
470 532 598 588 cederent.
629 536 689 588 Post
703 535 766 588 haec
776 536 913 590 Mithrida-

109 614 147 660 tes
159 605 421 678 intellectoquantum
432 606 533 662 bellum
542 609 686 673 suscitaret,
694 608 791 682 legatos
802 609 912 665 adCim·

109 682 180 746 bros,
202 680 266 736 alios
286 681 320 735 ad
339 681 520 754 Gallograeoos
537 691 562 737 et
577 683 708 738 Sarmatas
721 684 914 755 Bastarnasque

109 755 242 810 auxilinm
261 757 373 828 petitum
388 757 476 812 mittit.
506 759 573 812 Nam
593 775 684 813 omnes
698 758 746 813 has
760 767 851 832 gentes
861 761 914 813 Ro-

110 847 221 885 manum
236 830 443 886 meditabundus
453 830 553 886 bellum
564 833 644 887 variis
655 833 841 888 beneficiorum
853 851 914 888 mu-

110 905 220 960 neribus
239 906 291 960 iam
306 914 366 960 ante
383 905 511 961 illexerat.
542 907 583 961 Ab
597 907 703 981 Scythia
718 925 825 980 quoque
838 925 914 962 exer-

108 981 192 1035 citum
203 981 292 1036 venire
307 982 387 1046 iubet,
403 997 563 1054 omnemque
572 982 703 1037 Orientem
721 983 847 1037 adversus
861 984 913 1037 Ro—

110 1073 204 1110 manos
223 1064 315 1110 armat.
345 1057 403 1110 Non
422 1073 519 1130 magno
540 1057 621 1130 igitur
637 1057 724 1112 labore
738 1057 877 1130 Aquilium
888 1067 913 1112 et

110 1130 250 1184 blaltinum
261 1130 359 1185 Asieno
368 1132 483 1186 exercitu
496 1132 635 1186 instructos
646 1133 739 1200 vincit;
762 1132 861 1204 quibus
876 1133 913 1186 si-

109 1205 169 1260 mul
183 1222 245 1260 cum
255 1205 397 1260 Nicomede
410 1204 496 1277 pulsis
510 1207 609 1280 ingenti
624 1205 711 1262 favore
721 1207 856 1262 civitatum
866 1225 914 1262 ex-

109 1280 220 1352 cipitur:
242 1279 357 1334 multum
368 1280 406 1334 ibi
415 1281 474 1334 auri
482 1282 636 1355 argentique
648 1281 735 1337 studio
745 1290 862 1337 veterum
873 1299 914 1336 re-

109 1372 177 1428 gum
192 1371 376 1428 magnumque
389 1354 452 1408 belli
463 1364 615 1427 apparatum
627 1357 741 1412 invenit:
762 1357 861 1429 quibus
872 1359 914 1411 iir-

109 1437 226 1484 struotus
242 1429 328 1484 debita
343 1429 493 1484 civitatibus
505 1431 612 1502 publiea
625 1432 781 1503 privataque
794 1432 920 1496 remittit,

109 1505 486 1577 etvaoationemquinqnennii
496 1505 619 1560 concedit.
635 1507 709 1560 Tunc
719 1505 752 1560 ad
762 1507 912 1560 concionem

110 1579 209 1634 milites
220 1587 302 1644 vocat,
315 1595 412 1652 eosque
422 1579 502 1634 variis
512 1580 737 1635 exhortationibus
750 1580 784 1634 ad
796 1581 914 1636 Romana

110 1654 180 1711 bella
191 1655 247 1709 sive
257 1654 354 1710 Asiana
364 1653 462 1708 incitat.
493 1654 578 1720 Quam
591 1655 733 1710 orationem
744 1654 852 1728 dignam
863 1655 915 1710 dn-

110 1730 150 1795 xi,
166 1729 243 1784 cuius
257 1727 410 1800 exemplum
423 1729 543 1784 brevitati
557 1730 638 1784 buius
653 1729 738 1800 operis
755 1730 912 1798 insererem;

109 1822 194 1879 quam
208 1803 346 1876 obliquam
363 1802 503 1875 Pompeius
518 1806 620 1878 Trogus
632 1804 765 1876 exposuit:
787 1805 914 1876 quoniam

110 1883 139 1934 in
154 1879 230 1934 Livio
240 1887 265 1934 et
279 1879 307 1933 in
318 1875 442 1942 Salbrslio
454 1879 627 1950 reprehendit,
646 1878 717 1952 quod
726 1881 862 1935 conciones
872 1880 915 1935 di-

110 1963 195 2010 rectas
216 1971 264 2026 pro
280 1969 329 2008 sna
348 1953 464 2008 oratione
481 1955 553 2025 operi
573 1971 621 2009 suo
635 1953 773 2009 inserendo
792 1955 916 2010 bismriaa
984 1990 987 2001 ·

110 2029 223 2086 modum
233 2028 401 2084 excesserint.
940 2073 941 2078 ,

168 2103 238 2158 Cir.
258 2105 301 2159 lv.
324 2103 471 2172 Optandam
485 2106 535 2158 eibi
545 2108 633 2173 feisse,
646 2104 689 2168 ait,
703 2113 735 2158 ut
745 2107 775 2157 de
788 2122 816 2158 eo
828 2108 916 2158 liceret

111 2181 254 2241 coiectae,
270 2181 394 2232 bellumne
413 2181 449 2232 eit
467 2195 525 2231 cum
538 2179 660 2234 Romanis
672 2197 708 2234 on
716 2195 775 2247 porr
784 2181 915 2234 babendo:

111 2258 177 2325 quin
185 2271 247 2308 vero
256 2259 291 2308 eit
299 2256 468 2307 resistendum
479 2257 696 2322 impnqnontilme,
707 2271 753 2307 nee
762 2270 804 2307 ece
815 2258 917 2322 quidem

110 2332 241 2392 debitore,
254 2333 299 2397 qui
308 2343 352 2396 epe
361 2331 487 2382 victoriae
498 2337 620 2396 eereont;
638 2333 731 2397 qnippe
741 2332 866 2382 adversae
876 2331 917 2382 la-

111 2413 220 2467 trenam,
236 2409 260 2457 ei
274 2410 402 2472 nequeant
412 2417 464 2469 pro
478 2405 575 2466 aelate,
588 2421 638 2471 pro
654 2407 752 2456 ultione
770 2412 854 2457 tamen
868 2419 918 2456 sua

111 2493 201 2533 omnes
213 2483 313 2547 [naum
325 2481 460 2545 etrinqere.
493 2475 609 2532 caraem
625 2482 687 2546 quie
701 2495 752 2531 non
770 2482 799 2531 id
811 2485 915 2545 recreer,

110 2570 150 2608 on
162 2555 239 2606 licent
253 2557 384 2622 quiescere
399 2567 452 2605 non
467 2559 567 2606 tontum
581 2558 669 2607 enimc
679 2555 813 2614 hostiliter,
825 2555 869 2604 sed
879 2559 918 2604 et-

111 2633 171 2682 iem
177 2630 280 2695 proelio
288 2629 440 2696 eoreqreeeie,
455 2630 646 2692 carnulentiam,
657 2631 712 2696 'que
722 2629 824 2680 ratione
832 2641 864 2678 ae
873 2641 918 2692 epe

112 2711 205 2770 coepta
217 2705 284 2758 bello
293 2707 445 2758 ereetineont.
481 2702 542 2759 Eeee
555 2711 640 2758 orclem
652 2705 702 2756 sibi
714 2702 839 2754 victoriae
849 2701 917 2767 fidn-
