2044 3028
133 165 183 216 200
227 172 230 180 '
370 168 518 214 IUSTINI
536 166 691 212 HISTOR.

133 270 201 324 Nam
212 276 236 322 et
247 267 274 322 in
285 268 435 322 Macedonia
445 266 583 338 Philippus
597 273 699 321 mortuo
709 264 850 339 Antigono,
866 277 935 324 tuto-
996 265 997 316 l

134 343 316 413 recodemque
328 343 429 406 vitrico,
451 359 581 396 annorum
600 340 797 412 quatuordecim
819 360 932 415 regnum

133 417 260 487 susceptu
282 423 307 470 ct
321 417 349 472 in
366 416 428 470 Asia
442 415 574 470 interiecto
589 415 696 470 Seleuco
708 415 831 490 impubes
847 418 936 473 adhuc
996 459 997 480 t

132 509 179 546 rex
198 491 344 546 Antiochus
367 491 524 545 constitutus
546 496 597 558 est3
629 489 806 562 Cappadociae
826 509 935 564 quoque
996 497 997 554 j

132 583 246 639 regnum
257 566 396 630 Ariarathi,
410 582 490 637 puero
505 564 657 629 admodum,
672 571 744 636 pater
754 565 811 636 ipse
820 565 934 621 tradide
996 571 997 574 ’

133 649 186 708 rat;
208 641 368 714 Aegyptum,
385 647 458 712 patre
469 657 499 694 ao
510 646 591 692 matre
602 639 750 704 interfectis,
762 649 933 712 occupaverat
996 707 997 712 Ἰ

133 715 310 780 PtolemaeuS,
337 716 380 769 oui
402 732 436 768 ex
454 713 576 768 facinoris
598 713 708 766 crimine
729 722 934 786 cognomentum
996 729 997 734 ’

132 790 283 863 Philopator
303 789 361 845 luit.
392 787 484 844 Sedet
503 785 623 859 Spartani
642 787 670 842 in
690 785 776 842 locum
786 786 934 844 Cleomenis
996 811 997 850 3

134 865 292 920 suffecerunt
306 866 469 938 Lycurgum.
498 863 532 916 Et
545 879 578 916 ne
587 878 641 935 qua
651 862 814 933 temporibus
824 865 935 918 mutatio

133 940 241 1006 deesset,
258 938 329 1010 apud
343 937 570 1011 Carthaginienses
583 953 691 1009 quoque
703 943 783 991 aetate
792 937 934 994 immatura

134 1015 191 1069 dux
206 1013 336 1068 Hannibal
351 1012 525 1075 constituitur,
544 1028 596 1065 non
610 1011 721 1082 penuria
731 1011 877 1078 seniorum,
889 1013 935 1067 sed

133 1088 194 1143 odio
208 1091 395 1152 Romanorum,
410 1104 464 1159 quo
482 1087 616 1140 imbutum
634 1103 696 1140 cum
714 1104 728 1140 a
742 1087 855 1157 pueritia
870 1089 936 1142 scie-
996 1153 997 1156 Ἴ

132 1163 211 1217 bant:
231 1161 307 1217 fatale
322 1179 374 1216 non
389 1168 442 1215 tam
453 1161 587 1226 Romanis,
600 1178 682 1232 quam
692 1160 743 1232 ipsi
753 1161 865 1228 Africae,
880 1180 936 1218 ma·
996 1167 997 1172 ’

134 1237 199 1291 lum.
225 1237 271 1290 His
281 1236 387 1308 regibus
398 1235 487 1306 pueris
496 1235 545 1290 etsi
555 1234 623 1289 nulli
633 1235 743 1290 senioris
754 1237 843 1290 aetatis
854 1245 936 1292 recto

134 1318 270 1376 reserant,
286 1317 373 1365 tamen
388 1310 415 1364 in
430 1327 540 1365 suorum
554 1311 670 1382 quisque
681 1310 812 1365 maiorum
824 1313 936 1386 vestigia
996 1323 997 1326 ’

134 1385 253 1449 intentis,
273 1403 369 1458 magna
384 1384 484 1440 indoles
499 1385 603 1439 virtutis
621 1385 724 1440 enituit.
754 1385 831 1440 Solus
851 1387 936 1442 Ptole-

134 1477 234 1526 maeus,
247 1461 314 1516 sicut
324 1460 446 1515 scelestus
460 1461 487 1515 in
497 1458 648 1530 occupando
658 1477 747 1532 regno,
763 1460 832 1514 itaet
845 1462 938 1535 segnis

134 1537 162 1590 in
182 1535 389 1592 administrando
407 1535 466 1590 fuit.
499 1532 653 1606 Philippum
673 1534 784 1589 Dardani
804 1537 937 1608 ceterique
996 1581 997 1590 ,

133 1629 225 1666 omnes
242 1611 347 1666 finitimi
360 1609 465 1682 populi,
481 1609 581 1681 quibus
599 1609 671 1664 velut
684 1609 830 1664 immortale
842 1611 936 1666 odium

134 1703 196 1740 cum
207 1685 378 1741 Macedonum
388 1685 495 1758 regibus
505 1692 568 1749 erat,
580 1691 712 1739 contemtu
722 1685 811 1739 aetatis
824 1685 939 1740 adsidue

134 1760 303 1814 lacessebant.
334 1759 428 1816 Contra
442 1759 498 1824 ille,
514 1759 645 1814 submotis
658 1758 787 1824 hostibus,
806 1777 858 1814 non
874 1777 938 1815 con-

135 1843 221 1889 tentus
231 1851 279 1888 sua
289 1831 443 1898 defendisse,
456 1833 524 1889 ultro
534 1834 612 1888 etiam
623 1832 720 1888 Aetolis
729 1833 829 1888 bellum
840 1834 939 1890 inferre

152 1907 268 1962 estiehat.

132 1925 151 1982 g
188 1983 257 2037 Car.
271 1983 302 2037 ll.
322 1981 395 2048 Quae
404 1982 544 2056 agitantem
558 1982 636 2037 illum
646 1981 800 2046 Demetrius,
813 1999 861 2037 ren
872 1982 939 2057 llly·
996 1961 997 2040 Ῐ

134 2057 243 2122 riorum,
259 2073 343 2128 nuper
358 2075 372 2112 a
387 2056 476 2123 Paulo,
494 2059 611 2112 Romano
626 2055 740 2121 consule,
757 2055 853 2122 victus,
871 2075 940 2134 sup-
996 2069 997 2100 ³

133 2131 247 2203 plicibus
270 2133 392 2204 precibus
417 2131 580 2205 adgreditur,
613 2136 739 2187 iniuriam
761 2133 940 2186 Romanorum

133 2224 260 2278 querens:
281 2213 327 2278 qui
340 2225 392 2262 non
411 2211 522 2262 contenti
539 2208 634 2260 Italiac
654 2209 778 2268 torminis,
798 2211 941 2274 imperium

133 2299 178 2348 spe
191 2287 309 2350 improba
325 2287 403 2337 totius
416 2285 486 2336 orbis
499 2284 622 2348 amplecti,
639 2283 731 2334 bellum
746 2297 803 2334 cam
816 2283 942 2335 omnibus

132 2359 237 2422 reptans
245 2367 344 2424 perant.
375 2356 420 2412 Sic
434 2359 494 2410 illos
503 2355 618 2418 Siciliae,
633 2359 672 2408 sic
683 2355 824 2411 Sardiniae
837 2355 941 2424 Hispa-

133 2431 249 2495 niceqnc,
261 2433 299 2482 sic
309 2435 417 2498 deniqne
428 2436 506 2484 totins
515 2429 621 2498 Africae
631 2433 767 2498 imperinm
775 2432 943 2498 adfectantes

133 2501 226 2552 bellum
236 2519 293 2554 cnm
304 2503 394 2556 Poenis
406 2511 430 2556 ct
439 2505 587 2558 Hannibale
600 2508 755 2571 suscepisse:
774 2505 825 2557 etta·
834 2521 944 2574 quoqne

132 2586 184 2622 non
193 2575 275 2626 attam
285 2577 316 2626 cb
326 2589 440 2638 causant,
452 2593 530 2644 quam
542 2581 610 2644 qood
619 2577 714 2631 Italiac
723 2580 849 2645 finitimos
863 2583 943 2632 etde-
996 2637 997 2640 ,

133 2641 218 2705 tator,
234 2648 326 2698 ballam
338 2649 455 2707 illatam:
476 2654 553 2716 quast
566 2655 640 2718 nasas
653 2660 717 2705 esset
727 2654 841 2720 aliquem
851 2669 943 2722 rapam
996 2683 997 2690 κ
