2044 3028
126 221 130 226 ¹
285 163 356 208 nin.
378 162 507 210 xxxvii.
539 165 619 211 cas.
641 166 667 210 1.
825 133 873 213 ’234

76 280 109 319 na
118 261 200 318 dedit.
230 262 260 316 In
274 261 356 318 huius
372 262 460 318 locum
471 263 572 318 missus
583 265 713 334 Perprsrna
721 262 814 319 consul
822 265 879 336 pri-

75 355 119 393 ma
132 336 316 410 congressione
329 337 508 392 Aristonicum
523 345 675 409 superarum
689 339 717 394 in
726 345 879 410 potestatem

75 430 152 470 suam
172 411 285 485 redegit3
306 411 483 484 Attalicasque
496 427 585 486 garos,
603 413 771 468 hersditariss
785 413 879 486 populi

76 487 196 551 Romani,
212 486 327 542 navibus
341 486 477 558 impositas
493 487 604 542 Romam
616 487 771 559 deportavit.
801 486 880 554 Quod

74 575 152 648 aegre
165 561 251 616 serens
265 575 399 617 successor
411 561 472 616 eius
486 561 591 617 Munius
604 561 729 636 Aquilius
741 561 834 617 consui
844 561 887 617 ad=

74 637 241 710 errpriendum
259 635 437 698 Aristonicum
455 637 610 709 Perpernae,
629 636 712 693 voluti
731 637 775 691 sui
790 637 878 708 potius

73 711 205 784 triumphi
222 727 321 766 munus
334 729 391 767 csse
404 711 517 777 deberet,
534 711 653 767 festinata
668 711 801 773 volomtate
815 727 878 766 con-

74 785 166 842 tendit.
188 784 438 842 Sedcontendoucm
450 786 591 842 consutum
601 803 673 841 mors
682 787 827 858 Perpernae
836 785 878 840 di·

73 861 161 916 remit.
182 859 227 914 Sic
235 859 297 917 Asia
306 861 486 918 Romanorum
497 860 562 917 iacta
571 879 633 916 cum
640 861 739 934 opibus
748 859 805 916 suis
813 859 878 915 ritis

72 951 183 1010 quoque
192 935 303 990 Romam
312 934 466 992 transmisit.

380 1091 573 1123 uum-—

251 1312 447 1368 nrnna
494 1310 694 1398 xxxvn.

370 1441 584 1466 w

92 1521 139 1560 aa
145 1521 172 1560 c.
187 1502 249 1559 r-a
262 1521 369 1560 ‘russam
379 1520 402 1558 aa
411 1517 610 1558 :susurratam
620 1518 846 1556 mamam-mam.

124 1593 204 1660 Car.
224 1603 244 1659 L
264 1604 345 1675 Capto
361 1601 507 1659 Aristonico
521 1599 697 1656 Massilisnses
703 1615 752 1673 pro
761 1600 875 1664 Phocas-

67 1679 191 1745 ensibus,
211 1678 391 1734 conditoribus
409 1677 475 1741 suis,
489 1692 604 1750 quorum
619 1677 713 1731 urbem
726 1681 833 1730 amatus
848 1681 874 1730 et

66 1769 147 1810 omna
163 1767 271 1820 nornen,
286 1753 359 1826 quod
372 1759 397 1808 et
409 1759 590 1810 tuncetantea
598 1749 720 1807 Antiochi
728 1749 797 1805 hailo
807 1749 875 1805 inie-

66 1835 108 1883 sts
117 1826 210 1884 contra
220 1827 350 1901 populum
360 1829 510 1883 Romanum
523 1843 596 1882 arma
604 1824 875 1891 tulcmntdaleriius-

66 1911 144 1967 serat,
165 1902 265 1976 legatos
286 1904 397 1958 Romam
414 1902 580 1974 deprecatum
601 1901 696 1956 misere
714 1899 874 1972 veniamque

65 1977 109 2032 his
120 1995 136 2032 a
146 1985 242 2032 senatu
251 1977 398 2033 obtinuere.
419 1979 480 2032 Post
488 1977 553 2030 haec
562 1975 677 2050 regibura
688 1975 738 2048 qui
746 1975 873 2030 advorsus

64 2049 249 2107 Aristonicum
269 2052 368 2108 auxilia
386 2051 509 2116 ‘tuicmnt
528 2051 643 2122 praemia
657 2049 803 2121 persoluta:
823 2051 874 2106 Mi-

64 2126 176 2182 thridati
196 2126 301 2182 Pontico
314 2127 431 2201 Phrygia
445 2126 541 2194 maior3
564 2124 873 2200 tiliis'Ariarathimegis

63 2199 258 2273 Cappadociae,
269 2202 317 2273 qui
326 2202 417 2257 eodem
428 2199 496 2255 bollo
504 2200 640 2268 occiderat,
653 2199 783 2274 Lycaonia
794 2208 819 2253 et
826 2199 873 2254 Gi-

64 2273 127 2330 licia
139 2275 232 2344 datac;
255 2276 409 2349 fideliorque
423 2274 537 2346 populus
547 2275 681 2330 Romanus
691 2275 720 2329 in
730 2274 793 2330 socii
804 2273 872 2330 iiiios

64 2363 150 2422 quam
169 2357 253 2406 mater
267 2351 296 2406 in
307 2351 402 2407 liberm
416 2351 479 2406 fuit:
500 2349 600 2422 quippe
617 2349 680 2404 hino
691 2348 811 2421 parvulis
825 2367 872 2405 au-

63 2431 141 2480 ctum
155 2441 280 2500 regnum,
296 2426 358 2481 inda
371 2427 425 2481 vita
439 2425 551 2481 ademta.
582 2425 703 2498 Namqm
717 2423 831 2478 Laudice
839 2439 874 2480 cx

64 2515 181 2555 numero
190 2517 238 2556 sex
249 2499 375 2566 fiiiorum,
385 2517 454 2573 quos
465 2499 548 2555 virilis
556 2515 638 2554 sexus
646 2515 680 2554 ex
689 2498 873 2554 Ariarathem-

62 2591 97 2644 gc
116 2583 278 2648 susceperat,
300 2577 396 2632 timens
406 2593 439 2630 ne
454 2591 507 2630 non
522 2574 653 2629 diutinam
665 2573 742 2646 regni
758 2571 873 2626 admini-

60 2649 220 2707 strationem
231 2650 328 2708 aduitis
339 2651 501 2726 quibusdam
510 2649 645 2722 potiretur,
657 2649 778 2722 quinque
787 2646 872 2718 parri·
