1984 3010
101 179 135 230 90
337 182 489 227 IUSTINI
507 180 663 252 IIISTOR.

100 283 185 338 dierat
193 282 221 335 in
231 298 261 335 ea
271 282 337 335 urbe
346 281 373 334 in
385 280 482 351 templo
491 281 561 335 lovis
570 280 665 353 iugum
671 277 763 334 Gordii
772 277 903 348 positum3

101 363 283 412 culosneaom
295 360 319 410 si
328 359 518 424 quissoleissel,
534 373 591 408 eum
601 354 907 421 totcAsloreqoqtorum
989 367 990 370 ’

100 431 212 501 antiqua
224 429 330 484 oracula
342 429 477 483 cecinisse.
507 429 593 483 Huius
606 429 643 483 rei
654 445 732 482 causa
742 436 767 480 et
776 427 850 498 origo
860 426 906 480 illa

101 505 158 559 luit.
189 503 304 558 Gordius
318 521 403 575 quum
417 504 444 556 in
455 503 498 557 his
508 504 661 576 regionibus
670 503 760 557 bubus
769 501 907 556 conductis

100 585 194 642 araret,
206 596 267 633 aves
277 596 338 632 eum
349 579 436 633 omnis
446 579 549 650 generis
559 575 748 632 circumvolare
753 583 905 646 coeperunt.

102 652 234 708 Proiectus
245 653 279 707 ad
288 653 462 707 consulendos
471 670 584 726 augures
596 653 697 706 vicinae
708 651 906 715 urbiS,0br·iam

102 729 131 782 in
145 736 219 800 porta
232 728 328 782 habuit
340 727 472 800 virginem
483 727 595 781 eximiae
604 726 825 798 pulchritudinis3
847 742 905 796 per·

100 811 222 858 conlatus
240 820 311 868 eam,
334 821 408 873 quem
424 807 586 870 potissimum
604 820 729 870 ocyorem
749 803 907 855 consuleret:

103 879 148 932 illa
164 878 252 932 audita
266 895 345 931 causa
359 875 528 940 consulendi,
544 894 626 949 gnara
641 876 703 930 artis
717 893 750 929 ex
765 873 908 945 disciplina

102 960 252 1025 parentum,
266 969 374 1020 requam
387 955 411 1004 ei
417 955 539 1018 portendi
549 950 694 1021 respondit3
716 949 908 1020 polliceturque

101 1047 130 1082 se
145 1037 169 1080 ct
183 1029 344 1080 matrimonii
357 1034 381 1078 el
394 1029 450 1092 sper·
459 1031 566 1079 sociam.
597 1027 661 1078 Tam
671 1024 782 1095 pulchra
793 1023 909 1078 conditio

103 1101 189 1173 prima
201 1099 275 1172 regni
286 1097 393 1152 felicitas
403 1098 549 1154 videbatur.
570 1101 629 1154 Post
640 1099 909 1171 nuptiasinterPhry-

102 1192 151 1248 gas
161 1181 216 1227 orta
229 1173 322 1226 seditio
331 1179 379 1226 est.
400 1173 606 1227 Consulentibus
616 1173 648 1227 de
658 1173 910 1227 finediscordiarum

100 1247 207 1304 oracula
217 1247 408 1318 responderunt
416 1265 500 1316 recem
511 1253 722 1316 dlsecrdiieopcs
732 1265 795 1302 esse.
816 1249 911 1302 Iterato

101 1322 292 1394 quaerentibus
301 1321 333 1375 de
343 1339 453 1393 persona
464 1323 542 1395 regis,
555 1323 680 1376 iubentur
690 1340 751 1376 eum
762 1339 849 1395 regem
860 1322 911 1376 ob-

101 1415 216 1462 servare,
224 1415 305 1469 quem
315 1397 412 1451 reversi
422 1397 539 1468 primum
551 1398 577 1450 in
590 1397 792 1468 templumlovis
802 1404 910 1452 euntem

93 1470 221 1544 'plaustro
236 1472 401 1544 reperissent.
431 1471 534 1526 Obvius
544 1471 597 1526 illis
608 1471 722 1525 Gordius
733 1469 791 1536 luit,
808 1472 912 1526 statim-

102 1565 158 1620 que
171 1565 232 1602 eum
249 1565 337 1620 regem
352 1545 525 1602 consalutant.
556 1547 601 1600 Ille
615 1545 778 1616 plaustrum,
795 1563 848 1617 quo
865 1565 913 1601 ve-

104 1623 178 1677 henti
195 1641 308 1696 regnum
324 1621 440 1676 delatum
453 1619 543 1687 iuerat,
562 1621 590 1675 in
604 1619 702 1692 templo
712 1621 781 1674 Iovis
792 1621 911 1691 positum

105 1697 234 1752 maiestati
248 1698 334 1770 regiae
349 1697 518 1752 consecravit.
548 1697 608 1750 Post
622 1695 694 1750 hunc
704 1695 776 1750 filius
786 1695 856 1750 blida
869 1713 912 1750 re-

101 1772 211 1844 gnavit,
232 1772 281 1842 qui
298 1772 332 1824 ab
349 1769 454 1841 Orpheo
471 1788 605 1826 sacrorum
616 1769 780 1824 solemnibus
791 1770 912 1824 initiatus

105 1845 250 1917 Phrygiam
269 1844 442 1916 religionibus
461 1845 593 1916 implevit:
625 1846 725 1918 quibus
744 1845 822 1899 tutior
835 1845 913 1899 omni

104 1919 250 1990 vitaquam
261 1919 342 1972 armis
352 1918 412 1972 fuit.
433 1919 913 1991 IgiturAlexanderceptaurbequum

105 1994 134 2051 in
148 1991 277 2064 templum
292 1993 361 2048 Iovis
377 1994 504 2059 venisset,
520 1993 616 2067 iugum
629 1994 740 2066 plaustri
755 1993 910 2066 requisivit:

102 2086 160 2142 quo
179 2068 297 2123 exhibito
316 2085 403 2141 quum
420 2069 504 2140 capita
525 2069 728 2124 loramentorum
746 2070 813 2124 intra
827 2069 914 2124 nodos

104 2143 257 2200 abscondita
272 2143 385 2215 reperire
398 2161 450 2198 non
465 2151 560 2215 posset,
578 2144 718 2198 violentius
729 2144 832 2199 oraculo
842 2161 916 2198 usus

103 2220 194 2292 gladio
208 2219 461 2285 lorameutacaedit:
482 2226 561 2291 atque
571 2220 606 2274 ita
616 2219 737 2274 resolutis
747 2219 862 2274 nexibus
873 2217 917 2273 Ia-

106 2295 186 2349 tentia
196 2295 224 2347 in
235 2295 312 2348 nodis
322 2295 405 2366 capita
413 2295 525 2349 invenit.

161 2366 231 2423 Car.
242 2368 311 2423 VIII.
327 2370 395 2424 Haec
404 2369 444 2422 illi
454 2367 920 2442 agentinuntiaturDariumcumin-

103 2441 455 2514 gentiexcrcituadventare.
476 2442 919 2517 Itaquetimensangustiasmagna

103 2515 234 2568 celeritate
244 2515 360 2570 Taurum
373 2518 544 2585 transcendit;
557 2519 584 2572 In
594 2537 647 2590 qua
658 2517 822 2572 festinatione
830 2517 921 2588 quin-

103 2595 183 2656 genta
194 2587 276 2641 stadia
286 2605 367 2643 cursu
376 2589 445 2644 lecit.
467 2591 556 2656 Quum
562 2593 674 2646 Tarsum
684 2593 808 2656 venisset,
820 2599 922 2663 captus

102 2657 193 2728 Cydni
204 2659 322 2716 fluminis
332 2664 485 2718 amoenitate
494 2665 660 2735 permediem
666 2667 760 2720 urbem
766 2663 920 2736 influentis,
