2014 3000
115 147 150 198 78
354 151 684 198 rusmxrursxou.
717 121 720 128 ⁵

115 251 323 306 Atheniensibus
336 269 365 305 se
378 251 507 324 iungunt,
530 251 661 323 quasdam
675 258 763 306 autem
777 250 811 306 ad
823 251 930 325 Philip-

115 345 181 399 pum
192 325 255 379 belli
266 334 353 380 metus
363 328 452 380 traxit.
474 328 574 382 Proelio
582 328 733 390 commisso,
746 344 833 399 quum
844 327 929 384 Athe·

116 402 221 457 nienses
237 401 315 475 longe
329 402 427 456 maiore
442 401 559 457 militurn
570 420 682 458 numero
691 410 862 474 praestarent,
879 402 929 458 ad-

115 476 201 530 siduis
220 475 298 530 bellis
318 476 440 532 indurata
460 478 557 533 virtute
571 477 745 533 Macedonum
764 477 925 547 vincuntur3

115 569 168 606 nou
179 559 267 606 tamen
278 552 446 608 immemores
457 553 583 624 pristinae
591 553 690 627 gloriae
700 553 829 608 cecidere:
844 554 929 624 quip-

114 645 147 699 pe
157 627 275 681 adversis
285 627 443 683 vulneribus
452 646 545 683 omnes
555 628 620 694 loca,
633 646 703 701 quae
716 628 812 684 tuenda
823 645 838 682 a
849 629 928 682 duci-

114 703 166 757 bus
177 711 336 774 acceperant,
344 704 484 758 morientes
494 705 648 775 corporibus
660 711 790 758 texerunt.
809 703 859 757 llic
868 703 927 758 dies

114 779 256 834 universae
270 779 393 834 Graeciae
408 789 432 833 et
441 779 554 852 gloriam
566 780 754 834 dominationis
764 785 789 833 et
799 779 929 833 vetustis-

115 854 211 908 simam
223 854 366 910 libertatem
378 855 474 909 finivit.

171 929 239 984 Car.
254 930 300 984 lV.
316 930 401 984 Huius
412 930 536 984 victoriae
546 929 639 984 callide
649 928 815 984 dissimulata
827 927 928 984 laetitia

115 1011 162 1058 est.
194 1003 312 1075 Denique
332 1022 385 1058 nou
400 1005 475 1060 solita
489 1023 562 1060 sacra
576 1004 716 1076 Philippus
731 1003 776 1058 illa
790 1003 834 1058 die
847 1002 926 1074 fecit3

116 1097 169 1133 non
185 1078 212 1132 iu
224 1079 346 1134 convivio
360 1080 431 1147 risit3
454 1098 507 1135 non
518 1080 595 1135 ludos
605 1081 673 1136 inter
683 1079 774 1152 epulas
784 1078 927 1149 adhibuit3

115 1171 168 1208 non
185 1171 294 1208 coronas
309 1162 354 1208 aut
366 1164 503 1228 unguenta
517 1157 628 1224 sumsit,
649 1163 683 1220 et,
699 1154 868 1228 quantumin
879 1153 930 1212 illo

115 1227 173 1293 luit,
181 1229 216 1282 ita
228 1228 299 1294 vicit,
312 1237 341 1284 ut
352 1230 476 1286 victorem
488 1249 565 1286 nemo
575 1232 690 1286 sentiret.
711 1230 762 1286 Sed
772 1247 821 1284 nec
833 1247 928 1303 regem

115 1322 143 1358 se
153 1303 285 1369 Graeciae,
298 1305 345 1359 sed
355 1305 450 1360 ducem
461 1306 587 1377 appellari
597 1307 685 1361 iussit.
710 1305 798 1378 Atque
808 1306 844 1360 ita
855 1306 930 1360 inter

115 1379 220 1434 tacitam
235 1379 360 1434 laetitiam
370 1388 396 1435 et
408 1379 523 1436 dolorem
534 1382 650 1436 hostium
661 1381 824 1453 temperavit,
836 1390 867 1435 ut
877 1397 931 1436 ne-
1001 1449 1002 1454 Ἰ

114 1473 168 1526 que
183 1455 255 1526 apud
269 1473 331 1510 suos
345 1455 491 1511 exsultasse
505 1475 591 1529 neque
605 1457 678 1528 apud
688 1457 769 1512 victos
780 1455 928 1512 insultasse

115 1531 258 1585 videretur.
293 1529 515 1598 AtheniensibuS,
539 1550 606 1604 quos
620 1551 716 1604 passus
738 1531 930 1587 infestissimos

114 1605 212 1672 luerat,
229 1616 254 1662 et
267 1608 384 1678 captivos
398 1609 479 1681 gratis
494 1608 595 1663 remisit
611 1607 713 1663 etbello
723 1615 929 1663 consumtorum
1000 1626 1001 1649 r

115 1698 222 1752 corpora
233 1683 384 1753 sepulturae
394 1684 516 1749 reddidit,
526 1683 705 1756 reliquiasque
715 1681 840 1738 funerum
850 1690 882 1737 ut
891 1683 930 1739 ad

115 1756 236 1827 sepulcra
249 1757 381 1812 maiorum
396 1757 535 1825 deferrent,
550 1759 619 1813 ultro
633 1759 750 1814 hortatus
759 1766 807 1813 est
838 1758 930 1844 Super
999 1781 1000 1827 q

115 1833 180 1885 haec
192 1831 374 1886 Alexandrum
390 1833 475 1888 filium
491 1851 554 1889 eum
564 1834 648 1890 amico
659 1833 806 1905 Antipatro,
818 1834 866 1906 qui
872 1851 930 1920 pa-

115 1923 172 1962 cem
187 1923 248 1960 cum
264 1906 307 1960 his
321 1908 518 1981 amicitiamque
538 1910 741 1996 iungerent&
707 1909 824 1964 Athenas
840 1909 927 1964 misit

116 1981 303 2036 Thebanorum
322 2001 400 2054 porro
420 2001 472 2039 non
493 1985 719 2057 solumcaptivos,
735 1984 929 2040 verumetiam

116 2057 311 2113 interfectorum
325 2059 487 2144 sepulturam
502 2061 631 2116 vendidit.
662 2058 797 2130 Principes
810 2059 930 2115 civitatis

116 2134 181 2190 alios
195 2134 279 2189 securi
295 2136 436 2206 percussit;
459 2136 546 2191 alios
539 2155 566 2190 ru
581 2135 707 2190 exsilium
720 2134 828 2208 redegit,
840 2135 931 2190 bona-
997 2137 998 2185 t

116 2228 169 2281 que
177 2210 300 2265 omnium
310 2211 457 2297 occupavit.
480 2211 572 2267 Pulses
583 2211 678 2266 deinde
687 2227 734 2282 per
745 2209 882 2275 iniuriam,
896 2209 929 2266 in

115 2285 228 2355 patriam
243 2287 365 2340 restituit
395 2288 437 2340 Ex
447 2287 543 2342 horum
557 2303 667 2341 numero
680 2293 806 2341 trecentos
817 2285 932 2342 exsules
996 2327 997 2330 ,

116 2358 217 2412 iudices
230 2367 394 2446 rectoresque
403 2362 503 2417 civitati
514 2362 597 2416 dedit:
618 2362 692 2449 apud
702 2378 865 2434 quosquam
877 2379 934 2432 po-

115 2433 257 2487 tentissrmr
267 2452 370 2507 quique
378 2453 416 2490 rer
425 2454 483 2491 erus
492 2456 577 2509 ipsius
587 2455 707 2491 crimmis
717 2435 929 2508 postularentur

116 2507 188 2574 quod
205 2525 252 2577 per
265 2509 391 2564 iniuriam
405 2529 432 2564 se
447 2512 475 2566 in
490 2512 615 2567 exsilium
630 2512 753 2586 egissent,
765 2511 848 2576 huius
861 2528 934 2567 con-

118 2581 227 2634 stantiae
241 2581 357 2648 suerunt,
375 2593 405 2638 ut
414 2603 506 2640 omnes
519 2607 546 2642 aa
556 2597 676 2643 auctores
684 2587 836 2652 faterentur
849 2591 934 2642 meti—

116 2665 198 2716 usque
209 2671 267 2707 cum
275 2661 409 2724 republica
420 2670 515 2726 actum,
527 2681 607 2732 qeerrnt
617 2668 735 2719 damnati
745 2672 835 2729 essent,
846 2681 933 2734 quom
