1998 3006
356 159 426 204 LIB.
446 159 489 206 XI.
521 161 601 207 cAP.
622 162 663 207 11.
888 157 921 209 93

109 259 188 315 novis
202 257 324 331 regibus.
355 259 470 332 Insignis
485 269 585 331 praeter
601 269 697 315 ceteros
711 260 762 316 luit
777 260 922 317 Abdaloni-

112 352 186 400 mua,
208 351 258 390 rex
278 334 312 387 ah
331 333 481 388 Alexandro
501 335 623 390 Sidoniae
642 337 813 391 constitutus:
840 355 920 408 quem
997 371 998 374 =

112 407 271 472 Alexander,
289 425 375 479 quum
385 425 476 479 operas
487 408 605 464 oblocare
618 410 651 465 ad
660 419 752 482 puteos
763 412 922 466 exhaurien-

107 485 159 539 dos
169 483 313 554 hortosque
323 483 471 556 irrigandos
481 484 573 539 solitus
584 493 659 549 esset,
677 487 772 540 misere
782 487 864 540 vitam
875 505 923 540 ex-

112 557 258 621 hibentem,
270 574 358 629 regem
368 557 469 624 iecerat,
478 560 572 629 spretis
582 559 726 624 nobilibus,
735 563 876 633 degeneris
882 560 918 625 id,

113 649 166 686 non
176 631 264 686 dantis
274 632 567 704 beneficiumputarent.
589 635 921 706 Tyriorumoivitasquum

108 724 238 761 coronam
253 724 361 760 auream
375 707 466 780 magni
477 709 601 778 ponderis
611 726 658 780 per
668 708 764 780 legatos
775 710 803 762 in
813 710 920 762 titulum

109 780 297 854 gratulationis
311 781 461 837 Alexandro
473 783 597 847 misisset,
613 789 687 855 grate
699 799 809 837 munere
818 791 921 852 accepto

115 857 213 924 Tyrum
237 873 264 910 ae
283 861 321 910 ira
341 860 405 911 collo
423 861 459 911 ad
480 867 542 912 octa
562 859 673 912 Herculi
691 861 824 911 reddenda
842 856 919 911 dixit.

110 929 204 996 Quum
223 930 302 1003 legati
320 936 418 985 rectius
435 935 464 986 td
482 950 540 986 eom
555 934 623 1001 Tyro
635 941 718 986 cetere
735 941 759 986 et
772 937 921 1001 antiquiora

110 1009 207 1073 templo
224 1011 358 1075 facturum
371 1005 494 1070 dicerent,
512 1006 679 1078 deprecantes
693 1007 750 1061 eius
766 1007 918 1061 introitum:

112 1081 148 1133 ita
162 1081 270 1144 exarsit,
287 1086 317 1134 ut
332 1079 392 1134 urbi
408 1079 541 1134 excidium
552 1082 708 1150 minaretur;
731 1081 921 1153 confestimque

111 1155 229 1210 exercitu
244 1154 497 1226 insulaeapplicato,
515 1175 567 1210 non
583 1157 674 1210 minus
689 1157 817 1211 animosis
832 1157 920 1230 Tyriis

111 1229 211 1284 fiducia
230 1229 503 1302 Carthaginiensium,
529 1230 598 1285 bello
618 1232 758 1302 excipitur.
800 1231 921 1304 Augebat

110 1305 184 1360 enim
198 1304 288 1378 Tyriis
303 1305 405 1360 animos
418 1305 528 1359 Didonis
542 1305 708 1376 exemplum,
728 1323 797 1377 quae
811 1305 921 1360 Cartha·

109 1380 174 1452 gine
184 1379 289 1433 condita
299 1379 401 1433 tertiam
411 1388 513 1451 partem
523 1381 594 1434 orbis
605 1381 763 1452 quaesisset:
785 1388 862 1450 turpe
870 1379 921 1433 du-

109 1463 213 1518 centeS,
235 1454 259 1507 si
276 1452 382 1508 feminis
401 1455 458 1508 suis
478 1454 539 1526 plus
560 1454 644 1509 animi
659 1454 751 1509 luisset
767 1457 794 1507 in
810 1455 921 1523 imperio

107 1528 265 1602 quaerendo
278 1546 360 1600 quam
370 1528 421 1582 sihi
432 1529 460 1582 in
470 1529 567 1583 tuenda
577 1528 703 1582 libertate.
735 1528 828 1581 Amata
839 1529 921 1600 igitur

109 1603 215 1658 imbelli
225 1609 305 1658 aetate
310 1603 496 1676 Carthaginem
505 1611 530 1657 et
540 1602 670 1657 arcessitis
681 1619 744 1656 mox
754 1601 862 1655 auxiliis
867 1619 920 1658 non

109 1696 210 1754 magno
220 1686 279 1750 post
287 1685 404 1750 tempore
412 1696 459 1749 per
469 1677 644 1749 proditionem
653 1677 802 1748 capiuntur.

166 1754 236 1808 Car.
258 1754 307 1808 XI.
329 1753 392 1808 lnde
405 1753 529 1808 Rhodum
540 1751 697 1816 Alexander,
715 1751 867 1824 Aegyptum
876 1751 920 1810 Ci-

109 1827 255 1900 liciumque
264 1829 322 1884 sine
332 1827 577 1899 certaminerecipit.
598 1826 921 1882 AdlovemdeindeHam-

109 1921 219 1958 monem
236 1903 323 1976 pergit
332 1902 501 1958 consulturus
510 1912 535 1957 et
544 1903 576 1958 de
586 1911 681 1957 eventu
693 1902 842 1956 futurorum
853 1912 877 1957 et
888 1903 920 1957 de

104 1979 214 2052 origine
223 1995 283 2032 sua.
304 1979 426 2050 Namque
435 1986 518 2033 mater
526 1977 728 2052 eiusOlympias
737 1977 920 2032 confessaniro

106 2064 168 2108 auo'·
174 2053 299 2124 Philippo
315 2050 411 2106 iuerat:
432 2053 614 2108 Alexandrum
627 2070 679 2106 noa
692 2071 725 2106 eac
741 2070 769 2105 ec
779 2069 814 2114 ce,
830 2056 875 2104 sed
885 2069 920 2106 eac

103 2137 227 2198 manta
237 2131 349 2197 inparatis
358 2133 545 2196 magnitudinis
555 2132 708 2194 concepisse.
729 2125 848 2195 Denique
857 2125 920 2180 Phi-

107 2202 201 2276 lippus
214 2202 311 2258 ultimo
324 2219 406 2274 prope
414 2202 483 2257 vitae
492 2221 556 2257 suae
566 2209 682 2272 tempore
691 2203 774 2269 filium
782 2216 858 2253 scum
867 2219 919 2256 aaa

103 2297 164 2334 esee
176 2277 268 2350 palam
282 2277 485 2349 praedicaverat.
508 2278 574 2344 Qua
588 2293 709 2330 excausa
721 2273 916 2348 Olympiadem,

106 2353 183 2410 velut
192 2353 280 2424 stupri
289 2359 458 2423 compertam,
470 2351 581 2422 repudio
590 2351 734 2404 dimiserat.
766 2351 921 2423 lgitnrhle-

106 2428 212 2484 xander
221 2427 332 2498 cupiens
342 2428 472 2500 originem
481 2426 629 2482 divinitatis
639 2424 785 2496 adquirere,
802 2425 882 2478 simul
894 2431 920 2478 et

107 2512 223 2559 matrem
233 2501 342 2556 infamia
353 2502 472 2566 liberare,
489 2519 535 2572 per
545 2501 704 2572 praemissos
715 2499 842 2553 subornat
850 2496 920 2550 anti-

104 2580 192 2644 stites,
210 2577 279 2650 quid
295 2577 346 2630 sihi
361 2576 512 2647 responderi
526 2575 613 2629 vellet.
647 2573 837 2646 ingredientem
852 2575 918 2621 tem-

102 2654 185 2726 plum
196 2653 286 2709 statim
296 2651 423 2707 antistites
433 2649 621 2706 utHammonis
633 2648 719 2700 filium
730 2642 850 2697 salutant.
871 2638 918 2691 Ille
