<?xml version="1.0" encoding="UTF-8"?>
<!DOCTYPE html PUBLIC "-//W3C//DTD XHTML 1.0 Transitional//EN"
    "http://www.w3.org/TR/xhtml1/DTD/xhtml1-transitional.dtd">
<html xmlns="http://www.w3.org/1999/xhtml" xml:lang="en" lang="en">
 <head>
  <title>
</title>
<meta http-equiv="Content-Type" content="text/html;charset=utf-8" />
  <meta name='ocr-system' content='tesseract 3.04.00' />
  <meta name='ocr-capabilities' content='ocr_page ocr_carea ocr_par ocr_line ocrx_word'/>
</head>
<body>
  <div class='ocr_page' id='page_1' title='image "./justinihistoria00justgoog_0045.png"; bbox 0 0 2014 3000; ppageno 0'>
   <div class='ocr_carea' id='block_1_1' title="bbox 135 174 698 226">
    <p class='ocr_par' dir='ltr' id='par_1_1' title="bbox 135 174 698 226">
     <span class='ocr_line' id='line_1_1' title="bbox 135 174 698 226; baseline 0.009 -8"><span class='ocrx_word' id='word_1_1' title='bbox 135 174 171 226; x_wconf 68' lang='lat'><strong>32</strong></span> <span class='ocrx_word' id='word_1_2' title='bbox 374 178 524 223; x_wconf 73' lang='lat' dir='ltr'>IUSTINT</span> <span class='ocrx_word' id='word_1_3' title='bbox 541 179 698 224; x_wconf 81' lang='lat' dir='ltr'><strong>HISTOR.</strong></span> 
     </span>
    </p>
   </div>
   <div class='ocr_carea' id='block_1_2' title="bbox 133 277 947 2584">
    <p class='ocr_par' dir='ltr' id='par_1_2' title="bbox 137 277 934 350">
     <span class='ocr_line' id='line_1_2' title="bbox 137 277 934 350; baseline 0 -18"><span class='ocrx_word' id='word_1_4' title='bbox 137 279 249 332; x_wconf 89' lang='lat' dir='ltr'><strong>vitatum</strong></span> <span class='ocrx_word' id='word_1_5' title='bbox 258 277 405 332; x_wconf 89' lang='lat' dir='ltr'><strong>testimonio</strong></span> <span class='ocrx_word' id='word_1_6' title='bbox 415 277 553 341; x_wconf 77' lang='lat' dir='ltr'><strong>iudicatae,</strong></span> <span class='ocrx_word' id='word_1_7' title='bbox 568 277 934 350; x_wconf 81' lang='lat' dir='ltr'><strong>gloriampatriaesuaeauxrt.</strong></span> 
     </span>
    </p>

    <p class='ocr_par' dir='ltr' id='par_1_3' title="bbox 133 351 947 2584">
     <span class='ocr_line' id='line_1_3' title="bbox 193 351 935 424; baseline 0 -18"><span class='ocrx_word' id='word_1_8' title='bbox 193 351 262 406; x_wconf 78' lang='lat' dir='ltr'><strong>Cnn.</strong></span> <span class='ocrx_word' id='word_1_9' title='bbox 289 352 348 406; x_wconf 86' lang='lat' dir='ltr'><strong>XV.</strong></span> <span class='ocrx_word' id='word_1_10' title='bbox 374 351 458 424; x_wconf 79' lang='lat' dir='ltr'>Igitur</span> <span class='ocrx_word' id='word_1_11' title='bbox 476 352 661 416; x_wconf 80' lang='lat' dir='ltr'><strong>Athenienses,</strong></span> <span class='ocrx_word' id='word_1_12' title='bbox 683 352 751 406; x_wconf 87' lang='lat' dir='ltr'><strong>aucti</strong></span> <span class='ocrx_word' id='word_1_13' title='bbox 770 360 795 406; x_wconf 91' lang='lat' dir='ltr'><strong>et</strong></span> <span class='ocrx_word' id='word_1_14' title='bbox 814 354 935 422; x_wconf 88' lang='lat' dir='ltr'><strong>praemiis</strong></span> 
     </span>
     <span class='ocr_line' id='line_1_4' title="bbox 136 425 934 499; baseline 0.001 -19"><span class='ocrx_word' id='word_1_15' title='bbox 136 425 200 480; x_wconf 86' lang='lat' dir='ltr'><strong>belli</strong></span> <span class='ocrx_word' id='word_1_16' title='bbox 219 434 244 479; x_wconf 89' lang='lat' dir='ltr'><strong>et</strong></span> <span class='ocrx_word' id='word_1_17' title='bbox 265 425 362 498; x_wconf 85' lang='lat' dir='ltr'><strong>gioria,</strong></span> <span class='ocrx_word' id='word_1_18' title='bbox 385 427 478 479; x_wconf 90' lang='lat' dir='ltr'><strong>urbem</strong></span> <span class='ocrx_word' id='word_1_19' title='bbox 496 444 529 480; x_wconf 85' lang='lat' dir='ltr'><strong>ex</strong></span> <span class='ocrx_word' id='word_1_20' title='bbox 544 426 644 499; x_wconf 78' lang='lat' dir='ltr'><strong>integro</strong></span> <span class='ocrx_word' id='word_1_21' title='bbox 658 426 766 480; x_wconf 86' lang='lat' dir='ltr'><strong>condere</strong></span> <span class='ocrx_word' id='word_1_22' title='bbox 780 427 934 482; x_wconf 89' lang='lat' dir='ltr'><strong>moliuntur.</strong></span> 
     </span>
     <span class='ocr_line' id='line_1_5' title="bbox 135 500 936 572; baseline 0.002 -19"><span class='ocrx_word' id='word_1_23' title='bbox 135 501 227 566; x_wconf 79' lang='lat' dir='ltr'><strong>Quum</strong></span> <span class='ocrx_word' id='word_1_24' title='bbox 242 501 345 554; x_wconf 89' lang='lat' dir='ltr'><strong>moenia</strong></span> <span class='ocrx_word' id='word_1_25' title='bbox 360 501 458 554; x_wconf 89' lang='lat' dir='ltr'><strong>maiora</strong></span> <span class='ocrx_word' id='word_1_26' title='bbox 472 501 600 571; x_wconf 83' lang='lat' dir='ltr'><strong>complexi</strong></span> <span class='ocrx_word' id='word_1_27' title='bbox 619 500 736 565; x_wconf 80' lang='lat' dir='ltr'><strong>fuissent,</strong></span> <span class='ocrx_word' id='word_1_28' title='bbox 753 501 868 572; x_wconf 91' lang='lat' dir='ltr'><strong>suspecti</strong></span> <span class='ocrx_word' id='word_1_29' title='bbox 882 520 936 555; x_wconf 88' lang='lat' dir='ltr'><strong>esse</strong></span> 
     </span>
     <span class='ocr_line' id='line_1_6' title="bbox 137 575 937 650; baseline 0.001 -21"><span class='ocrx_word' id='word_1_30' title='bbox 137 575 349 630; x_wconf 79' lang='lat' dir='ltr'><strong>Lacedaemoniis</strong></span> <span class='ocrx_word' id='word_1_31' title='bbox 364 592 478 650; x_wconf 89' lang='lat' dir='ltr'><strong>coepere,</strong></span> <span class='ocrx_word' id='word_1_32' title='bbox 494 584 561 628; x_wconf 90' lang='lat' dir='ltr'><strong>recte</strong></span> <span class='ocrx_word' id='word_1_33' title='bbox 571 575 761 646; x_wconf 68' lang='lat' dir='ltr'><strong>reputantibus</strong></span> <span class='ocrx_word' id='word_1_34' title='bbox 773 576 872 645; x_wconf 92' lang='lat' dir='ltr'><strong>quibus</strong></span> <span class='ocrx_word' id='word_1_35' title='bbox 883 577 937 630; x_wconf 87' lang='lat' dir='ltr'><strong>rui-</strong></span> 
     </span>
     <span class='ocr_line' id='line_1_7' title="bbox 138 649 936 720; baseline 0.001 -17"><span class='ocrx_word' id='word_1_36' title='bbox 138 668 171 703; x_wconf 90' lang='lat' dir='ltr'><strong>na</strong></span> <span class='ocrx_word' id='word_1_37' title='bbox 182 650 257 702; x_wconf 90' lang='lat' dir='ltr'><strong>urbis</strong></span> <span class='ocrx_word' id='word_1_38' title='bbox 267 657 369 704; x_wconf 90' lang='lat' dir='ltr'><strong>tantum</strong></span> <span class='ocrx_word' id='word_1_39' title='bbox 381 650 534 704; x_wconf 87' lang='lat' dir='ltr'><strong>incrementi</strong></span> <span class='ocrx_word' id='word_1_40' title='bbox 544 649 664 713; x_wconf 78' lang='lat' dir='ltr'><strong>dedisset,</strong></span> <span class='ocrx_word' id='word_1_41' title='bbox 677 657 808 720; x_wconf 91' lang='lat' dir='ltr'><strong>quantum</strong></span> <span class='ocrx_word' id='word_1_42' title='bbox 819 650 853 703; x_wconf 93' lang='lat' dir='ltr'><strong>sit</strong></span> <span class='ocrx_word' id='word_1_43' title='bbox 862 650 936 704; x_wconf 90' lang='lat' dir='ltr'><strong>datu-</strong></span> 
     </span>
     <span class='ocr_line' id='line_1_8' title="bbox 137 723 933 795; baseline 0 -17"><span class='ocrx_word' id='word_1_44' title='bbox 137 743 166 778; x_wconf 87' lang='lat' dir='ltr'><strong>ra</strong></span> <span class='ocrx_word' id='word_1_45' title='bbox 181 725 282 778; x_wconf 88' lang='lat' dir='ltr'><strong>munita</strong></span> <span class='ocrx_word' id='word_1_46' title='bbox 296 726 398 778; x_wconf 80' lang='lat' dir='ltr'><strong>civitae.</strong></span> <span class='ocrx_word' id='word_1_47' title='bbox 429 725 536 778; x_wconf 75' lang='lat' dir='ltr'><strong>Mittunt</strong></span> <span class='ocrx_word' id='word_1_48' title='bbox 545 741 605 795; x_wconf 81' lang='lat' dir='ltr'><strong>ergo</strong></span> <span class='ocrx_word' id='word_1_49' title='bbox 616 723 721 795; x_wconf 80' lang='lat' dir='ltr'><strong>legatos,</strong></span> <span class='ocrx_word' id='word_1_50' title='bbox 734 724 781 795; x_wconf 90' lang='lat' dir='ltr'><strong>qui</strong></span> <span class='ocrx_word' id='word_1_51' title='bbox 792 733 933 788; x_wconf 87' lang='lat' dir='ltr'><strong>monerent,</strong></span> 
     </span>
     <span class='ocr_line' id='line_1_9' title="bbox 137 803 937 868; baseline -0.001 -15"><span class='ocrx_word' id='word_1_52' title='bbox 137 819 169 854; x_wconf 85' lang='lat' dir='ltr'><strong>ue</strong></span> <span class='ocrx_word' id='word_1_53' title='bbox 180 805 337 854; x_wconf 83' lang='lat' dir='ltr'><strong>munimento</strong></span> <span class='ocrx_word' id='word_1_54' title='bbox 347 804 460 854; x_wconf 81' lang='lat' dir='ltr'><strong>hostibus</strong></span> <span class='ocrx_word' id='word_1_55' title='bbox 471 809 493 852; x_wconf 85' lang='lat' dir='ltr'><strong>et</strong></span> <span class='ocrx_word' id='word_1_56' title='bbox 503 803 668 866; x_wconf 77' lang='lat' dir='ltr'><strong>receptaculo</strong></span> <span class='ocrx_word' id='word_1_57' title='bbox 678 803 764 868; x_wconf 74' lang='lat' dir='ltr'><strong>futuri</strong></span> <span class='ocrx_word' id='word_1_58' title='bbox 769 803 937 854; x_wconf 77' lang='lat' dir='ltr'><strong>bettieoestru-</strong></span> 
     </span>
     <span class='ocr_line' id='line_1_10' title="bbox 137 872 937 943; baseline -0.004 -14"><span class='ocrx_word' id='word_1_59' title='bbox 137 885 194 930; x_wconf 86' lang='lat' dir='ltr'><strong>out.</strong></span> <span class='ocrx_word' id='word_1_60' title='bbox 215 874 410 936; x_wconf 87' lang='lat' dir='ltr'><strong>Themistocles,</strong></span> <span class='ocrx_word' id='word_1_61' title='bbox 422 882 452 926; x_wconf 89' lang='lat' dir='ltr'><strong>ut</strong></span> <span class='ocrx_word' id='word_1_62' title='bbox 462 874 527 927; x_wconf 90' lang='lat' dir='ltr'><strong>vidit</strong></span> <span class='ocrx_word' id='word_1_63' title='bbox 536 873 589 943; x_wconf 88' lang='lat' dir='ltr'><strong>spei</strong></span> <span class='ocrx_word' id='word_1_64' title='bbox 602 873 675 926; x_wconf 90' lang='lat' dir='ltr'><strong>urbis</strong></span> <span class='ocrx_word' id='word_1_65' title='bbox 686 872 807 937; x_wconf 84' lang='lat' dir='ltr'><strong>invideri,</strong></span> <span class='ocrx_word' id='word_1_66' title='bbox 820 891 871 927; x_wconf 92' lang='lat' dir='ltr'><strong>non</strong></span> <span class='ocrx_word' id='word_1_67' title='bbox 882 875 937 928; x_wconf 86' lang='lat' dir='ltr'><strong>exi·</strong></span> 
     </span>
     <span class='ocr_line' id='line_1_11' title="bbox 135 947 938 1019; baseline 0 -17"><span class='ocrx_word' id='word_1_68' title='bbox 135 949 257 1013; x_wconf 89' lang='lat' dir='ltr'><strong>stimans,</strong></span> <span class='ocrx_word' id='word_1_69' title='bbox 271 949 380 1018; x_wconf 81' lang='lat' dir='ltr'><strong>abrupte</strong></span> <span class='ocrx_word' id='word_1_70' title='bbox 390 949 530 1019; x_wconf 84' lang='lat' dir='ltr'><strong>agendum,</strong></span> <span class='ocrx_word' id='word_1_71' title='bbox 542 947 674 1018; x_wconf 83' lang='lat' dir='ltr'><strong>respondit</strong></span> <span class='ocrx_word' id='word_1_72' title='bbox 683 947 781 1019; x_wconf 69' lang='lat' dir='ltr'><strong>legatis</strong></span> <span class='ocrx_word' id='word_1_73' title='bbox 798 951 938 1002; x_wconf 77' lang='lat' dir='ltr'><strong>iturosLu-</strong></span> 
     </span>
     <span class='ocr_line' id='line_1_12' title="bbox 137 1025 936 1090; baseline 0 -14"><span class='ocrx_word' id='word_1_74' title='bbox 137 1028 320 1085; x_wconf 82' lang='lat' dir='ltr'><strong>oedaemouom,</strong></span> <span class='ocrx_word' id='word_1_75' title='bbox 341 1028 387 1090; x_wconf 82' lang='lat' dir='ltr'><strong>qui</strong></span> <span class='ocrx_word' id='word_1_76' title='bbox 405 1027 436 1076; x_wconf 87' lang='lat' dir='ltr'><strong>de</strong></span> <span class='ocrx_word' id='word_1_77' title='bbox 451 1041 481 1076; x_wconf 84' lang='lat' dir='ltr'><strong>eo</strong></span> <span class='ocrx_word' id='word_1_78' title='bbox 495 1040 524 1076; x_wconf 82' lang='lat' dir='ltr'><strong>re</strong></span> <span class='ocrx_word' id='word_1_79' title='bbox 536 1027 638 1090; x_wconf 79' lang='lat' dir='ltr'><strong>puriter</strong></span> <span class='ocrx_word' id='word_1_80' title='bbox 656 1040 712 1076; x_wconf 82' lang='lat' dir='ltr'><strong>curn</strong></span> <span class='ocrx_word' id='word_1_81' title='bbox 727 1025 781 1076; x_wconf 77' lang='lat' dir='ltr'><strong>iltis</strong></span> <span class='ocrx_word' id='word_1_82' title='bbox 793 1027 936 1077; x_wconf 80' lang='lat' dir='ltr'><strong>cousulant.</strong></span> 
     </span>
     <span class='ocr_line' id='line_1_13' title="bbox 137 1097 936 1168; baseline -0.003 -16"><span class='ocrx_word' id='word_1_83' title='bbox 137 1097 181 1152; x_wconf 88' lang='lat' dir='ltr'><strong>Sic</strong></span> <span class='ocrx_word' id='word_1_84' title='bbox 195 1097 313 1151; x_wconf 87' lang='lat' dir='ltr'><strong>dimissis</strong></span> <span class='ocrx_word' id='word_1_85' title='bbox 331 1097 475 1168; x_wconf 84' lang='lat' dir='ltr'><strong>Spartanis,</strong></span> <span class='ocrx_word' id='word_1_86' title='bbox 492 1097 609 1150; x_wconf 90' lang='lat' dir='ltr'><strong>hortatur</strong></span> <span class='ocrx_word' id='word_1_87' title='bbox 627 1114 698 1160; x_wconf 69' lang='lat' dir='ltr'><strong>suos</strong></span> <span class='ocrx_word' id='word_1_88' title='bbox 714 1113 780 1167; x_wconf 88' lang='lat' dir='ltr'><strong>opus</strong></span> <span class='ocrx_word' id='word_1_89' title='bbox 796 1105 936 1152; x_wconf 88' lang='lat' dir='ltr'><strong>maturent.</strong></span> 
     </span>
     <span class='ocr_line' id='line_1_14' title="bbox 137 1169 934 1242; baseline 0.001 -18"><span class='ocrx_word' id='word_1_90' title='bbox 137 1171 201 1224; x_wconf 88' lang='lat' dir='ltr'><strong>Dein</strong></span> <span class='ocrx_word' id='word_1_91' title='bbox 213 1172 268 1242; x_wconf 92' lang='lat' dir='ltr'><strong>ipse</strong></span> <span class='ocrx_word' id='word_1_92' title='bbox 281 1172 412 1226; x_wconf 89' lang='lat' dir='ltr'><strong>interiecto</strong></span> <span class='ocrx_word' id='word_1_93' title='bbox 423 1180 536 1242; x_wconf 85' lang='lat' dir='ltr'><strong>ternpore</strong></span> <span class='ocrx_word' id='word_1_94' title='bbox 547 1171 573 1225; x_wconf 90' lang='lat' dir='ltr'><strong>in</strong></span> <span class='ocrx_word' id='word_1_95' title='bbox 585 1169 739 1242; x_wconf 85' lang='lat' dir='ltr'><strong>legationem</strong></span> <span class='ocrx_word' id='word_1_96' title='bbox 748 1171 934 1242; x_wconf 86' lang='lat' dir='ltr'><strong>proficiscitur:</strong></span> 
     </span>
     <span class='ocr_line' id='line_1_15' title="bbox 136 1246 938 1310; baseline 0.004 -12"><span class='ocrx_word' id='word_1_97' title='bbox 136 1254 170 1309; x_wconf 85' lang='lat' dir='ltr'><strong>et,</strong></span> <span class='ocrx_word' id='word_1_98' title='bbox 185 1263 256 1300; x_wconf 90' lang='lat' dir='ltr'><strong>nuno</strong></span> <span class='ocrx_word' id='word_1_99' title='bbox 266 1247 293 1299; x_wconf 94' lang='lat' dir='ltr'><strong>in</strong></span> <span class='ocrx_word' id='word_1_100' title='bbox 304 1247 395 1300; x_wconf 87' lang='lat' dir='ltr'><strong>itinere</strong></span> <span class='ocrx_word' id='word_1_101' title='bbox 408 1247 557 1300; x_wconf 83' lang='lat' dir='ltr'><strong>infirmitate</strong></span> <span class='ocrx_word' id='word_1_102' title='bbox 570 1246 702 1310; x_wconf 84' lang='lat' dir='ltr'><strong>simulata,</strong></span> <span class='ocrx_word' id='word_1_103' title='bbox 714 1247 938 1301; x_wconf 86' lang='lat' dir='ltr'><strong>nunctarditatem</strong></span> 
     </span>
     <span class='ocr_line' id='line_1_16' title="bbox 134 1319 935 1394; baseline 0.001 -20"><span class='ocrx_word' id='word_1_104' title='bbox 134 1319 296 1394; x_wconf 79' lang='lat' dir='ltr'><strong>collegarum</strong></span> <span class='ocrx_word' id='word_1_105' title='bbox 315 1339 450 1385; x_wconf 76' lang='lat' dir='ltr'><strong>accusanS,</strong></span> <span class='ocrx_word' id='word_1_106' title='bbox 466 1321 523 1375; x_wconf 87' lang='lat' dir='ltr'><strong>sine</strong></span> <span class='ocrx_word' id='word_1_107' title='bbox 537 1321 637 1391; x_wconf 88' lang='lat' dir='ltr'><strong>quibus</strong></span> <span class='ocrx_word' id='word_1_108' title='bbox 648 1321 690 1393; x_wconf 81' lang='lat' dir='ltr'><strong>agi</strong></span> <span class='ocrx_word' id='word_1_109' title='bbox 701 1321 757 1374; x_wconf 87' lang='lat' dir='ltr'><strong>iure</strong></span> <span class='ocrx_word' id='word_1_110' title='bbox 768 1321 834 1375; x_wconf 85' lang='lat' dir='ltr'><strong>nihil</strong></span> <span class='ocrx_word' id='word_1_111' title='bbox 844 1323 935 1392; x_wconf 89' lang='lat' dir='ltr'><strong>possit,</strong></span> 
     </span>
     <span class='ocr_line' id='line_1_17' title="bbox 137 1395 938 1472; baseline 0.001 -24"><span class='ocrx_word' id='word_1_112' title='bbox 137 1395 208 1449; x_wconf 88' lang='lat' dir='ltr'><strong>diem</strong></span> <span class='ocrx_word' id='word_1_113' title='bbox 227 1395 259 1449; x_wconf 89' lang='lat' dir='ltr'><strong>de</strong></span> <span class='ocrx_word' id='word_1_114' title='bbox 274 1396 317 1450; x_wconf 90' lang='lat' dir='ltr'><strong>die</strong></span> <span class='ocrx_word' id='word_1_115' title='bbox 331 1395 493 1472; x_wconf 82' lang='lat' dir='ltr'><strong>proterendo,</strong></span> <span class='ocrx_word' id='word_1_116' title='bbox 510 1395 626 1466; x_wconf 85' lang='lat' dir='ltr'><strong>spatium</strong></span> <span class='ocrx_word' id='word_1_117' title='bbox 643 1395 852 1450; x_wconf 89' lang='lat' dir='ltr'><strong>consummando</strong></span> <span class='ocrx_word' id='word_1_118' title='bbox 865 1397 938 1467; x_wconf 88' lang='lat' dir='ltr'><strong>operi</strong></span> 
     </span>
     <span class='ocr_line' id='line_1_18' title="bbox 134 1469 938 1542; baseline 0 -18"><span class='ocrx_word' id='word_1_119' title='bbox 134 1471 290 1542; x_wconf 87' lang='lat' dir='ltr'><strong>quaerebat:</strong></span> <span class='ocrx_word' id='word_1_120' title='bbox 317 1489 401 1542; x_wconf 91' lang='lat' dir='ltr'><strong>quum</strong></span> <span class='ocrx_word' id='word_1_121' title='bbox 422 1470 526 1526; x_wconf 87' lang='lat' dir='ltr'><strong>interim</strong></span> <span class='ocrx_word' id='word_1_122' title='bbox 547 1471 682 1524; x_wconf 89' lang='lat' dir='ltr'><strong>nuntiatur</strong></span> <span class='ocrx_word' id='word_1_123' title='bbox 703 1469 850 1540; x_wconf 77' lang='lat' dir='ltr'><strong>SpartaniS,</strong></span> <span class='ocrx_word' id='word_1_124' title='bbox 871 1489 938 1541; x_wconf 92' lang='lat' dir='ltr'><strong>opus</strong></span> 
     </span>
     <span class='ocr_line' id='line_1_19' title="bbox 136 1545 940 1618; baseline -0.002 -18"><span class='ocrx_word' id='word_1_125' title='bbox 136 1546 247 1600; x_wconf 87' lang='lat' dir='ltr'><strong>Athenis</strong></span> <span class='ocrx_word' id='word_1_126' title='bbox 262 1545 401 1612; x_wconf 72' lang='lat' dir='ltr'><strong>maturari,</strong></span> <span class='ocrx_word' id='word_1_127' title='bbox 424 1553 528 1616; x_wconf 86' lang='lat' dir='ltr'><strong>propter</strong></span> <span class='ocrx_word' id='word_1_128' title='bbox 544 1545 617 1616; x_wconf 91' lang='lat' dir='ltr'><strong>quod</strong></span> <span class='ocrx_word' id='word_1_129' title='bbox 627 1545 713 1598; x_wconf 92' lang='lat' dir='ltr'><strong>denuo</strong></span> <span class='ocrx_word' id='word_1_130' title='bbox 724 1545 820 1618; x_wconf 85' lang='lat' dir='ltr'><strong>legatos</strong></span> <span class='ocrx_word' id='word_1_131' title='bbox 831 1545 940 1600; x_wconf 90' lang='lat' dir='ltr'><strong>mittunt</strong></span> 
     </span>
     <span class='ocr_line' id='line_1_20' title="bbox 135 1619 939 1691; baseline 0 -17"><span class='ocrx_word' id='word_1_132' title='bbox 135 1620 171 1674; x_wconf 88' lang='lat' dir='ltr'><strong>ad</strong></span> <span class='ocrx_word' id='word_1_133' title='bbox 186 1620 376 1691; x_wconf 86' lang='lat' dir='ltr'><strong>inspiciendam</strong></span> <span class='ocrx_word' id='word_1_134' title='bbox 392 1637 457 1674; x_wconf 85' lang='lat' dir='ltr'><strong>rem.</strong></span> <span class='ocrx_word' id='word_1_135' title='bbox 488 1621 555 1673; x_wconf 89' lang='lat' dir='ltr'><strong>Tum</strong></span> <span class='ocrx_word' id='word_1_136' title='bbox 571 1619 757 1672; x_wconf 83' lang='lat' dir='ltr'><strong>Themistocles</strong></span> <span class='ocrx_word' id='word_1_137' title='bbox 771 1637 816 1690; x_wconf 86' lang='lat' dir='ltr'><strong>per</strong></span> <span class='ocrx_word' id='word_1_138' title='bbox 830 1638 939 1674; x_wconf 85' lang='lat' dir='ltr'><strong>servum</strong></span> 
     </span>
     <span class='ocr_line' id='line_1_21' title="bbox 137 1693 938 1766; baseline 0 -18"><span class='ocrx_word' id='word_1_139' title='bbox 137 1695 335 1766; x_wconf 77' lang='lat' dir='ltr'><strong>magistratibus</strong></span> <span class='ocrx_word' id='word_1_140' title='bbox 355 1695 446 1748; x_wconf 86' lang='lat' dir='ltr'><strong>scribit</strong></span> <span class='ocrx_word' id='word_1_141' title='bbox 469 1693 683 1749; x_wconf 80' lang='lat' dir='ltr'><strong>Atheniensium.</strong></span> <span class='ocrx_word' id='word_1_142' title='bbox 699 1697 795 1762; x_wconf 76' lang='lat' dir='ltr'><strong>topatus</strong></span> <span class='ocrx_word' id='word_1_143' title='bbox 811 1700 938 1758; x_wconf 82' lang='lat' dir='ltr'><strong>vinciant,</strong></span> 
     </span>
     <span class='ocr_line' id='line_1_22' title="bbox 133 1769 941 1838; baseline -0.001 -16"><span class='ocrx_word' id='word_1_144' title='bbox 133 1774 280 1838; x_wconf 71' lang='lat' dir='ltr'><strong>piperisque</strong></span> <span class='ocrx_word' id='word_1_145' title='bbox 296 1778 405 1832; x_wconf 79' lang='lat' dir='ltr'><strong>teneant,</strong></span> <span class='ocrx_word' id='word_1_146' title='bbox 421 1787 451 1822; x_wconf 85' lang='lat' dir='ltr'><strong>ne</strong></span> <span class='ocrx_word' id='word_1_147' title='bbox 465 1774 493 1821; x_wconf 81' lang='lat' dir='ltr'><strong>to</strong></span> <span class='ocrx_word' id='word_1_148' title='bbox 507 1786 534 1821; x_wconf 87' lang='lat' dir='ltr'><strong>se</strong></span> <span class='ocrx_word' id='word_1_149' title='bbox 549 1773 656 1836; x_wconf 71' lang='lat' dir='ltr'><strong>prucios</strong></span> <span class='ocrx_word' id='word_1_150' title='bbox 673 1772 834 1823; x_wconf 82' lang='lat' dir='ltr'><strong>consuletur.</strong></span> <span class='ocrx_word' id='word_1_151' title='bbox 868 1769 941 1823; x_wconf 82' lang='lat' dir='ltr'><strong>Adiit</strong></span> 
     </span>
     <span class='ocr_line' id='line_1_23' title="bbox 134 1842 941 1911; baseline 0.001 -15"><span class='ocrx_word' id='word_1_152' title='bbox 134 1843 231 1896; x_wconf 90' lang='lat' dir='ltr'><strong>deinde</strong></span> <span class='ocrx_word' id='word_1_153' title='bbox 245 1842 395 1895; x_wconf 87' lang='lat' dir='ltr'><strong>concionem</strong></span> <span class='ocrx_word' id='word_1_154' title='bbox 411 1843 689 1896; x_wconf 82' lang='lat' dir='ltr'><strong>Lacedaemoniorum:</strong></span> <span class='ocrx_word' id='word_1_155' title='bbox 711 1842 816 1907; x_wconf 90' lang='lat' dir='ltr'><strong>indicat,</strong></span> <span class='ocrx_word' id='word_1_156' title='bbox 833 1861 941 1911; x_wconf 87' lang='lat' dir='ltr'><strong>permu-</strong></span> 
     </span>
     <span class='ocr_line' id='line_1_24' title="bbox 135 1917 941 1983; baseline 0.002 -12"><span class='ocrx_word' id='word_1_157' title='bbox 135 1923 206 1973; x_wconf 77' lang='lat' dir='ltr'><strong>ru&#39;tus</strong></span> <span class='ocrx_word' id='word_1_158' title='bbox 221 1917 333 1970; x_wconf 80' lang='lat' dir='ltr'><strong>Athenas</strong></span> <span class='ocrx_word' id='word_1_159' title='bbox 348 1935 409 1978; x_wconf 83' lang='lat' dir='ltr'><strong>esse,</strong></span> <span class='ocrx_word' id='word_1_160' title='bbox 425 1926 449 1969; x_wconf 83' lang='lat' dir='ltr'><strong>ct</strong></span> <span class='ocrx_word' id='word_1_161' title='bbox 463 1935 536 1983; x_wconf 82' lang='lat' dir='ltr'><strong>posse</strong></span> <span class='ocrx_word' id='word_1_162' title='bbox 551 1922 604 1970; x_wconf 84' lang='lat' dir='ltr'><strong>ient</strong></span> <span class='ocrx_word' id='word_1_163' title='bbox 617 1921 719 1970; x_wconf 84' lang='lat' dir='ltr'><strong>illatum</strong></span> <span class='ocrx_word' id='word_1_164' title='bbox 729 1921 821 1970; x_wconf 82' lang='lat' dir='ltr'><strong>bellum</strong></span> <span class='ocrx_word' id='word_1_165' title='bbox 831 1936 941 1972; x_wconf 71' lang='lat' dir='ltr'><strong>nonon-</strong></span> 
     </span>
     <span class='ocr_line' id='line_1_25' title="bbox 135 1996 942 2060; baseline 0 -14"><span class='ocrx_word' id='word_1_166' title='bbox 135 1997 184 2046; x_wconf 84' lang='lat' dir='ltr'><strong>utr&#39;s</strong></span> <span class='ocrx_word' id='word_1_167' title='bbox 199 2001 308 2054; x_wconf 85' lang='lat' dir='ltr'><strong>tontum,</strong></span> <span class='ocrx_word' id='word_1_168' title='bbox 324 1996 368 2044; x_wconf 81' lang='lat' dir='ltr'><strong>scd</strong></span> <span class='ocrx_word' id='word_1_169' title='bbox 383 1996 460 2044; x_wconf 84' lang='lat' dir='ltr'><strong>etiarn</strong></span> <span class='ocrx_word' id='word_1_170' title='bbox 476 1999 558 2044; x_wconf 80' lang='lat' dir='ltr'><strong>rou-ris</strong></span> <span class='ocrx_word' id='word_1_171' title='bbox 571 1997 712 2045; x_wconf 80' lang='lat' dir='ltr'><strong>sustinere:</strong></span> <span class='ocrx_word' id='word_1_172' title='bbox 731 1997 756 2045; x_wconf 78' lang='lat' dir='ltr'><strong>si</strong></span> <span class='ocrx_word' id='word_1_173' title='bbox 769 1998 831 2060; x_wconf 83' lang='lat' dir='ltr'><strong>quid</strong></span> <span class='ocrx_word' id='word_1_174' title='bbox 841 1997 873 2046; x_wconf 82' lang='lat' dir='ltr'><strong>ob</strong></span> <span class='ocrx_word' id='word_1_175' title='bbox 883 2012 942 2048; x_wconf 83' lang='lat' dir='ltr'><strong>eam</strong></span> 
     </span>
     <span class='ocr_line' id='line_1_26' title="bbox 135 2069 943 2134; baseline 0 -12"><span class='ocrx_word' id='word_1_176' title='bbox 135 2086 190 2123; x_wconf 84' lang='lat' dir='ltr'><strong>rem</strong></span> <span class='ocrx_word' id='word_1_177' title='bbox 203 2072 234 2120; x_wconf 84' lang='lat' dir='ltr'><strong>de</strong></span> <span class='ocrx_word' id='word_1_178' title='bbox 248 2085 275 2120; x_wconf 84' lang='lat' dir='ltr'><strong>se</strong></span> <span class='ocrx_word' id='word_1_179' title='bbox 290 2069 421 2120; x_wconf 81' lang='lat' dir='ltr'><strong>crudelius</strong></span> <span class='ocrx_word' id='word_1_180' title='bbox 430 2075 586 2127; x_wconf 77' lang='lat' dir='ltr'><strong>statuerent,</strong></span> <span class='ocrx_word' id='word_1_181' title='bbox 598 2069 695 2134; x_wconf 70' lang='lat' dir='ltr'><strong>leontos</strong></span> <span class='ocrx_word' id='word_1_182' title='bbox 704 2083 792 2120; x_wconf 84' lang='lat' dir='ltr'><strong>eorum</strong></span> <span class='ocrx_word' id='word_1_183' title='bbox 802 2073 829 2121; x_wconf 84' lang='lat' dir='ltr'><strong>in</strong></span> <span class='ocrx_word' id='word_1_184' title='bbox 839 2071 887 2122; x_wconf 80' lang='lat' dir='ltr'><strong>troo</strong></span> <span class='ocrx_word' id='word_1_185' title='bbox 896 2073 943 2134; x_wconf 86' lang='lat' dir='ltr'><strong>pi-</strong></span> 
     </span>
     <span class='ocr_line' id='line_1_27' title="bbox 133 2139 944 2214; baseline -0.001 -17"><span class='ocrx_word' id='word_1_186' title='bbox 133 2161 201 2212; x_wconf 70' lang='lat' dir='ltr'><strong>ouus</strong></span> <span class='ocrx_word' id='word_1_187' title='bbox 210 2143 314 2196; x_wconf 77' lang='lat' dir='ltr'><strong>Athenis</strong></span> <span class='ocrx_word' id='word_1_188' title='bbox 324 2151 444 2195; x_wconf 84' lang='lat' dir='ltr'><strong>retentos.</strong></span> <span class='ocrx_word' id='word_1_189' title='bbox 466 2141 585 2194; x_wconf 85' lang='lat' dir='ltr'><strong>Graviter</strong></span> <span class='ocrx_word' id='word_1_190' title='bbox 594 2139 688 2194; x_wconf 86' lang='lat' dir='ltr'><strong>deinde</strong></span> <span class='ocrx_word' id='word_1_191' title='bbox 698 2141 863 2214; x_wconf 64' lang='lat' dir='ltr'><strong>castigamus</strong></span> <span class='ocrx_word' id='word_1_192' title='bbox 871 2147 944 2210; x_wconf 85' lang='lat' dir='ltr'><strong>quod</strong></span> 
     </span>
     <span class='ocr_line' id='line_1_28' title="bbox 135 2219 945 2285; baseline 0 -15"><span class='ocrx_word' id='word_1_193' title='bbox 135 2235 187 2270; x_wconf 85' lang='lat' dir='ltr'><strong>uon</strong></span> <span class='ocrx_word' id='word_1_194' title='bbox 200 2223 304 2280; x_wconf 83' lang='lat' dir='ltr'><strong>uirtute,</strong></span> <span class='ocrx_word' id='word_1_195' title='bbox 320 2221 364 2270; x_wconf 81' lang='lat' dir='ltr'><strong>sed</strong></span> <span class='ocrx_word' id='word_1_196' title='bbox 378 2219 552 2271; x_wconf 76' lang='lat' dir='ltr'><strong>imbecillitate</strong></span> <span class='ocrx_word' id='word_1_197' title='bbox 560 2220 697 2280; x_wconf 81' lang='lat' dir='ltr'><strong>sociorum,</strong></span> <span class='ocrx_word' id='word_1_198' title='bbox 707 2221 848 2283; x_wconf 79' lang='lat' dir='ltr'><strong>potentium</strong></span> <span class='ocrx_word' id='word_1_199' title='bbox 857 2235 945 2285; x_wconf 83' lang='lat' dir='ltr'><strong>quoe-</strong></span> 
     </span>
     <span class='ocr_line' id='line_1_29' title="bbox 135 2289 947 2360; baseline 0.002 -16"><span class='ocrx_word' id='word_1_200' title='bbox 135 2300 232 2344; x_wconf 79' lang='lat' dir='ltr'><strong>rerent.</strong></span> <span class='ocrx_word' id='word_1_201' title='bbox 263 2290 306 2343; x_wconf 87' lang='lat' dir='ltr'><strong>Sio</strong></span> <span class='ocrx_word' id='word_1_202' title='bbox 325 2291 461 2353; x_wconf 69' lang='lat' dir='ltr'><strong>dimissus</strong></span> <span class='ocrx_word' id='word_1_203' title='bbox 478 2289 558 2344; x_wconf 84' lang='lat' dir='ltr'><strong>veluti</strong></span> <span class='ocrx_word' id='word_1_204' title='bbox 577 2289 744 2360; x_wconf 88' lang='lat' dir='ltr'><strong>triumphatis</strong></span> <span class='ocrx_word' id='word_1_205' title='bbox 759 2289 906 2360; x_wconf 88' lang='lat' dir='ltr'><strong>Spartanis,</strong></span> <span class='ocrx_word' id='word_1_206' title='bbox 929 2311 947 2346; x_wconf 86' lang='lat' dir='ltr'><strong>a</strong></span> 
     </span>
     <span class='ocr_line' id='line_1_30' title="bbox 134 2363 947 2435; baseline 0.006 -20"><span class='ocrx_word' id='word_1_207' title='bbox 134 2364 240 2416; x_wconf 87' lang='lat' dir='ltr'><strong>civibus</strong></span> <span class='ocrx_word' id='word_1_208' title='bbox 261 2365 400 2435; x_wconf 85' lang='lat' dir='ltr'><strong>excipitur.</strong></span> <span class='ocrx_word' id='word_1_209' title='bbox 434 2367 494 2418; x_wconf 91' lang='lat' dir='ltr'><strong>Post</strong></span> <span class='ocrx_word' id='word_1_210' title='bbox 513 2365 576 2418; x_wconf 89' lang='lat' dir='ltr'><strong>haec</strong></span> <span class='ocrx_word' id='word_1_211' title='bbox 595 2363 724 2434; x_wconf 87' lang='lat' dir='ltr'><strong>Spartani,</strong></span> <span class='ocrx_word' id='word_1_212' title='bbox 747 2382 780 2418; x_wconf 93' lang='lat' dir='ltr'><strong>ne</strong></span> <span class='ocrx_word' id='word_1_213' title='bbox 803 2365 873 2419; x_wconf 89' lang='lat' dir='ltr'><strong>vires</strong></span> <span class='ocrx_word' id='word_1_214' title='bbox 888 2367 947 2422; x_wconf 91' lang='lat' dir='ltr'><strong>otio</strong></span> 
     </span>
     <span class='ocr_line' id='line_1_31' title="bbox 133 2439 946 2506; baseline 0.007 -18"><span class='ocrx_word' id='word_1_215' title='bbox 133 2447 339 2506; x_wconf 83' lang='lat' dir='ltr'><strong>corrumperent,</strong></span> <span class='ocrx_word' id='word_1_216' title='bbox 352 2448 376 2492; x_wconf 90' lang='lat' dir='ltr'><strong>et</strong></span> <span class='ocrx_word' id='word_1_217' title='bbox 386 2448 414 2493; x_wconf 93' lang='lat' dir='ltr'><strong>ut</strong></span> <span class='ocrx_word' id='word_1_218' title='bbox 425 2440 466 2492; x_wconf 88' lang='lat' dir='ltr'><strong>his</strong></span> <span class='ocrx_word' id='word_1_219' title='bbox 478 2439 580 2493; x_wconf 82' lang='lat' dir='ltr'><strong>illatum</strong></span> <span class='ocrx_word' id='word_1_220' title='bbox 590 2457 603 2492; x_wconf 92' lang='lat' dir='ltr'><strong>a</strong></span> <span class='ocrx_word' id='word_1_221' title='bbox 617 2439 946 2494; x_wconf 87' lang='lat' dir='ltr'><strong>PersisGraeciaebellum</strong></span> 
     </span>
     <span class='ocr_line' id='line_1_32' title="bbox 135 2509 946 2584; baseline 0.014 -25"><span class='ocrx_word' id='word_1_222' title='bbox 135 2509 331 2575; x_wconf 87' lang='lat' dir='ltr'><strong>ulciscerentur,</strong></span> <span class='ocrx_word' id='word_1_223' title='bbox 348 2513 416 2567; x_wconf 92' lang='lat' dir='ltr'><strong>ultro</strong></span> <span class='ocrx_word' id='word_1_224' title='bbox 428 2514 493 2567; x_wconf 84' lang='lat' dir='ltr'><strong>fines</strong></span> <span class='ocrx_word' id='word_1_225' title='bbox 504 2531 595 2568; x_wconf 89' lang='lat' dir='ltr'><strong>eorum</strong></span> <span class='ocrx_word' id='word_1_226' title='bbox 606 2513 808 2584; x_wconf 83' lang='lat' dir='ltr'><strong>depopulantur.</strong></span> <span class='ocrx_word' id='word_1_227' title='bbox 839 2515 946 2570; x_wconf 87' lang='lat' dir='ltr'><strong>Ducem</strong></span> 
     </span>
    </p>
   </div>
   <div class='ocr_carea' id='block_1_3' title="bbox 133 2584 995 2659">
    <p class='ocr_par' dir='ltr' id='par_1_4' title="bbox 133 2584 995 2659">
     <span class='ocr_line' id='line_1_33' title="bbox 133 2584 995 2659; baseline 0.017 -29"><span class='ocrx_word' id='word_1_228' title='bbox 133 2597 184 2632; x_wconf 87' lang='lat' dir='ltr'><strong>suo</strong></span> <span class='ocrx_word' id='word_1_229' title='bbox 201 2584 385 2655; x_wconf 87' lang='lat' dir='ltr'><strong>sociorumque</strong></span> <span class='ocrx_word' id='word_1_230' title='bbox 399 2589 524 2642; x_wconf 85' lang='lat' dir='ltr'><strong>exercitui</strong></span> <span class='ocrx_word' id='word_1_231' title='bbox 542 2587 662 2659; x_wconf 82' lang='lat' dir='ltr'><strong>deligunt</strong></span> <span class='ocrx_word' id='word_1_232' title='bbox 677 2589 840 2642; x_wconf 80' lang='lat' dir='ltr'><strong>Pausaniam.</strong></span> <span class='ocrx_word' id='word_1_233' title='bbox 876 2589 945 2656; x_wconf 89' lang='lat' dir='ltr'><strong>Oui,</strong></span> <span class='ocrx_word' id='word_1_234' title='bbox 994 2609 995 2630; x_wconf 61' lang='lat'>1</span> 
     </span>
    </p>
   </div>
   <div class='ocr_carea' id='block_1_4' title="bbox 135 2653 949 2735">
    <p class='ocr_par' dir='ltr' id='par_1_5' title="bbox 135 2653 949 2735">
     <span class='ocr_line' id='line_1_34' title="bbox 135 2653 949 2735; baseline 0.021 -31"><span class='ocrx_word' id='word_1_235' title='bbox 135 2666 182 2704; x_wconf 85' lang='lat' dir='ltr'><strong>nro</strong></span> <span class='ocrx_word' id='word_1_236' title='bbox 195 2653 291 2709; x_wconf 85' lang='lat' dir='ltr'><strong>ducatu</strong></span> <span class='ocrx_word' id='word_1_237' title='bbox 301 2675 414 2728; x_wconf 80' lang='lat' dir='ltr'><strong>regnum</strong></span> <span class='ocrx_word' id='word_1_238' title='bbox 424 2660 547 2717; x_wconf 85' lang='lat' dir='ltr'><strong>Graeciae</strong></span> <span class='ocrx_word' id='word_1_239' title='bbox 556 2661 686 2729; x_wconf 80' lang='lat' dir='ltr'><strong>affectans,</strong></span> <span class='ocrx_word' id='word_1_240' title='bbox 698 2663 854 2734; x_wconf 88' lang='lat' dir='ltr'><strong>proditionis</strong></span> <span class='ocrx_word' id='word_1_241' title='bbox 865 2681 949 2735; x_wconf 84' lang='lat' dir='ltr'><strong>prae-</strong></span> 
     </span>
    </p>
   </div>
   <div class='ocr_carea' id='block_1_5' title="bbox 0 0 1013 3000">
    <p class='ocr_par' dir='ltr' id='par_1_6' title="bbox 0 0 1013 3000">
     <span class='ocr_line' id='line_1_35' title="bbox 0 0 1013 3000; baseline 0 0"><span class='ocrx_word' id='word_1_242' title='bbox 0 0 1013 3000; x_wconf 95' lang='lat' dir='ltr'><strong> </strong></span> 
     </span>
    </p>
   </div>
  </div>
 </body>
</html>
