<?xml version="1.0" encoding="UTF-8"?>
<!DOCTYPE html PUBLIC "-//W3C//DTD XHTML 1.0 Transitional//EN"
    "http://www.w3.org/TR/xhtml1/DTD/xhtml1-transitional.dtd">
<html xmlns="http://www.w3.org/1999/xhtml" xml:lang="en" lang="en">
 <head>
  <title>
</title>
<meta http-equiv="Content-Type" content="text/html;charset=utf-8" />
  <meta name='ocr-system' content='tesseract 3.04.00' />
  <meta name='ocr-capabilities' content='ocr_page ocr_carea ocr_par ocr_line ocrx_word'/>
</head>
<body>
  <div class='ocr_page' id='page_1' title='image "./justinihistoria00justgoog_0112.png"; bbox 0 0 1998 3006; ppageno 0'>
   <div class='ocr_carea' id='block_1_1' title="bbox 348 0 999 243">
    <p class='ocr_par' dir='ltr' id='par_1_1' title="bbox 348 0 999 243">
     <span class='ocr_line' id='line_1_1' title="bbox 797 0 999 110; baseline -0.01 -71"><span class='ocrx_word' id='word_1_1' title='bbox 797 0 959 110; x_wconf 39' lang='lat' dir='ltr'>&#39;01&#39;sp</span> <span class='ocrx_word' id='word_1_2' title='bbox 976 0 999 37; x_wconf 60' lang='lat' dir='ltr'><strong>”r</strong></span> 
     </span>
     <span class='ocr_line' id='line_1_2' title="bbox 828 85 990 162; baseline 0.037 -8"><span class='ocrx_word' id='word_1_3' title='bbox 828 101 874 162; x_wconf 48' lang='lat' dir='ltr'><strong>lta</strong></span> <span class='ocrx_word' id='word_1_4' title='bbox 919 85 990 160; x_wconf 59' lang='grc' dir='ltr'><strong>ἀ)</strong></span> 
     </span>
     <span class='ocr_line' id='line_1_3' title="bbox 348 155 972 243; baseline 0.014 -26"><span class='ocrx_word' id='word_1_5' title='bbox 348 172 418 218; x_wconf 80' lang='lat' dir='ltr'><strong>nin.</strong></span> <span class='ocrx_word' id='word_1_6' title='bbox 438 173 497 218; x_wconf 79' lang='lat' dir='ltr'><strong>xri.</strong></span> <span class='ocrx_word' id='word_1_7' title='bbox 527 173 608 220; x_wconf 72' lang='lat' dir='ltr'><strong>cae.</strong></span> <span class='ocrx_word' id='word_1_8' title='bbox 628 174 655 220; x_wconf 82' lang='lat'><strong>2.</strong></span> <span class='ocrx_word' id='word_1_9' title='bbox 839 155 972 243; x_wconf 40' lang='lat' dir='ltr'><strong>(ltro,</strong></span> 
     </span>
    </p>
   </div>
   <div class='ocr_carea' id='block_1_2' title="bbox 1 258 966 2599">
    <p class='ocr_par' dir='ltr' id='par_1_2' title="bbox 1 258 966 1471">
     <span class='ocr_line' id='line_1_4' title="bbox 89 258 966 348; baseline 0.007 -23"><span class='ocrx_word' id='word_1_10' title='bbox 89 269 195 325; x_wconf 89' lang='lat' dir='ltr'><strong>bellum</strong></span> <span class='ocrx_word' id='word_1_11' title='bbox 207 270 374 344; x_wconf 78' lang='lat' dir='ltr'>zopyrionis,</span> <span class='ocrx_word' id='word_1_12' title='bbox 387 271 509 342; x_wconf 86' lang='lat' dir='ltr'><strong>praelecti</strong></span> <span class='ocrx_word' id='word_1_13' title='bbox 519 273 576 327; x_wconf 91' lang='lat' dir='ltr'><strong>eius</strong></span> <span class='ocrx_word' id='word_1_14' title='bbox 586 273 614 328; x_wconf 93' lang='lat' dir='ltr'><strong>in</strong></span> <span class='ocrx_word' id='word_1_15' title='bbox 627 273 743 348; x_wconf 82' lang='lat' dir='ltr'><strong>Scythia,</strong></span> <span class='ocrx_word' id='word_1_16' title='bbox 756 275 908 330; x_wconf 88' lang='lat' dir='ltr'><strong>contineba-</strong></span> <span class='ocrx_word' id='word_1_17' title='bbox 936 258 950 266; x_wconf 24' lang='grc' dir='ltr'>Μ</span> <span class='ocrx_word' id='word_1_18' title='bbox 964 263 966 268; x_wconf 50' lang='grc'><strong>’</strong></span> 
     </span>
     <span class='ocr_line' id='line_1_5' title="bbox 92 345 907 424; baseline 0.006 -24"><span class='ocrx_word' id='word_1_19' title='bbox 92 353 148 400; x_wconf 82' lang='lat' dir='ltr'><strong>tur.</strong></span> <span class='ocrx_word' id='word_1_20' title='bbox 174 345 284 411; x_wconf 86' lang='lat' dir='ltr'><strong>Quibus</strong></span> <span class='ocrx_word' id='word_1_21' title='bbox 292 347 364 400; x_wconf 85' lang='lat' dir='ltr'><strong>varie</strong></span> <span class='ocrx_word' id='word_1_22' title='bbox 374 345 490 402; x_wconf 87' lang='lat' dir='ltr'><strong>adlectus</strong></span> <span class='ocrx_word' id='word_1_23' title='bbox 502 348 565 419; x_wconf 90' lang='lat' dir='ltr'><strong>plus</strong></span> <span class='ocrx_word' id='word_1_24' title='bbox 575 357 663 404; x_wconf 90' lang='lat' dir='ltr'><strong>tamen</strong></span> <span class='ocrx_word' id='word_1_25' title='bbox 674 349 785 405; x_wconf 87' lang='lat' dir='ltr'><strong>laetitiae</strong></span> <span class='ocrx_word' id='word_1_26' title='bbox 795 352 907 424; x_wconf 86' lang='lat' dir='ltr'><strong>cognitis</strong></span> 
     </span>
     <span class='ocr_line' id='line_1_6' title="bbox 93 421 907 498; baseline 0.009 -24"><span class='ocrx_word' id='word_1_27' title='bbox 93 421 228 475; x_wconf 88' lang='lat' dir='ltr'><strong>mortibus</strong></span> <span class='ocrx_word' id='word_1_28' title='bbox 247 421 364 477; x_wconf 91' lang='lat' dir='ltr'><strong>duorum</strong></span> <span class='ocrx_word' id='word_1_29' title='bbox 387 423 553 478; x_wconf 85' lang='lat' dir='ltr'><strong>aemulorum</strong></span> <span class='ocrx_word' id='word_1_30' title='bbox 571 442 675 498; x_wconf 86' lang='lat' dir='ltr'><strong>regum,</strong></span> <span class='ocrx_word' id='word_1_31' title='bbox 698 442 780 498; x_wconf 92' lang='lat' dir='ltr'><strong>quam</strong></span> <span class='ocrx_word' id='word_1_32' title='bbox 809 425 907 481; x_wconf 87' lang='lat' dir='ltr'><strong>doloris</strong></span> 
     </span>
     <span class='ocr_line' id='line_1_7' title="bbox 94 491 908 572; baseline 0.007 -23"><span class='ocrx_word' id='word_1_33' title='bbox 94 497 188 550; x_wconf 89' lang='lat' dir='ltr'><strong>amissi</strong></span> <span class='ocrx_word' id='word_1_34' title='bbox 199 513 262 550; x_wconf 91' lang='lat' dir='ltr'><strong>cum</strong></span> <span class='ocrx_word' id='word_1_35' title='bbox 272 497 419 570; x_wconf 86' lang='lat' dir='ltr'><strong>Zopyrione</strong></span> <span class='ocrx_word' id='word_1_36' title='bbox 427 491 557 554; x_wconf 82' lang='lat' dir='ltr'><strong>exercitus</strong></span> <span class='ocrx_word' id='word_1_37' title='bbox 570 499 695 570; x_wconf 76' lang='lat' dir='ltr'>suscepit.</span> <span class='ocrx_word' id='word_1_38' title='bbox 716 501 839 572; x_wconf 84' lang='lat' dir='ltr'><strong>Namque</strong></span> <span class='ocrx_word' id='word_1_39' title='bbox 848 508 908 572; x_wconf 87' lang='lat' dir='ltr'><strong>post</strong></span> 
     </span>
     <span class='ocr_line' id='line_1_8' title="bbox 91 569 907 643; baseline 0.009 -19"><span class='ocrx_word' id='word_1_40' title='bbox 91 569 283 643; x_wconf 80' lang='lat' dir='ltr'><strong>profectionem</strong></span> <span class='ocrx_word' id='word_1_41' title='bbox 297 571 443 626; x_wconf 84' lang='lat' dir='ltr'>Alexandri</span> <span class='ocrx_word' id='word_1_42' title='bbox 458 573 566 628; x_wconf 78' lang='lat' dir='ltr'>Graecia</span> <span class='ocrx_word' id='word_1_43' title='bbox 584 574 666 630; x_wconf 90' lang='lat' dir='ltr'><strong>lerme</strong></span> <span class='ocrx_word' id='word_1_44' title='bbox 685 576 773 629; x_wconf 89' lang='lat' dir='ltr'><strong>omnis</strong></span> <span class='ocrx_word' id='word_1_45' title='bbox 789 577 817 629; x_wconf 93' lang='lat' dir='ltr'><strong>in</strong></span> <span class='ocrx_word' id='word_1_46' title='bbox 832 593 907 631; x_wconf 90' lang='lat' dir='ltr'><strong>occa-</strong></span> 
     </span>
     <span class='ocr_line' id='line_1_9' title="bbox 92 647 905 719; baseline 0.004 -18"><span class='ocrx_word' id='word_1_47' title='bbox 92 647 199 701; x_wconf 86' lang='lat' dir='ltr'><strong>sionem</strong></span> <span class='ocrx_word' id='word_1_48' title='bbox 223 647 416 719; x_wconf 80' lang='lat' dir='ltr'><strong>recuperandae</strong></span> <span class='ocrx_word' id='word_1_49' title='bbox 437 647 562 702; x_wconf 74' lang='lat' dir='ltr'><strong>libertatis</strong></span> <span class='ocrx_word' id='word_1_50' title='bbox 582 649 616 703; x_wconf 90' lang='lat' dir='ltr'><strong>ad</strong></span> <span class='ocrx_word' id='word_1_51' title='bbox 634 666 708 704; x_wconf 89' lang='lat' dir='ltr'><strong>arma</strong></span> <span class='ocrx_word' id='word_1_52' title='bbox 730 657 905 716; x_wconf 85' lang='lat' dir='ltr'><strong>concurrerat,</strong></span> 
     </span>
     <span class='ocr_line' id='line_1_10' title="bbox 64 722 907 796; baseline 0.005 -20"><span class='ocrx_word' id='word_1_53' title='bbox 64 730 69 734; x_wconf 85' lang='grc'><em>“</em></span> <span class='ocrx_word' id='word_1_54' title='bbox 92 722 275 776; x_wconf 84' lang='lat' dir='ltr'><strong>auctoritatem</strong></span> <span class='ocrx_word' id='word_1_55' title='bbox 298 722 566 778; x_wconf 83' lang='lat' dir='ltr'><strong>Lacedaemoniorum</strong></span> <span class='ocrx_word' id='word_1_56' title='bbox 588 732 690 789; x_wconf 87' lang='lat' dir='ltr'><strong>secuta,</strong></span> <span class='ocrx_word' id='word_1_57' title='bbox 722 725 769 795; x_wconf 93' lang='lat' dir='ltr'><strong>qui</strong></span> <span class='ocrx_word' id='word_1_58' title='bbox 790 725 907 796; x_wconf 80' lang='lat' dir='ltr'><strong>Philippi</strong></span> 
     </span>
     <span class='ocr_line' id='line_1_11' title="bbox 91 795 908 871; baseline 0.004 -20"><span class='ocrx_word' id='word_1_59' title='bbox 91 795 295 868; x_wconf 80' lang='lat' dir='ltr'><strong>Alexandrique</strong></span> <span class='ocrx_word' id='word_1_60' title='bbox 309 805 334 852; x_wconf 90' lang='lat' dir='ltr'><strong>et</strong></span> <span class='ocrx_word' id='word_1_61' title='bbox 346 815 439 868; x_wconf 92' lang='lat' dir='ltr'><strong>pacem</strong></span> <span class='ocrx_word' id='word_1_62' title='bbox 453 797 502 852; x_wconf 92' lang='lat' dir='ltr'><strong>soli</strong></span> <span class='ocrx_word' id='word_1_63' title='bbox 517 806 670 870; x_wconf 85' lang='lat' dir='ltr'><strong>spreverant</strong></span> <span class='ocrx_word' id='word_1_64' title='bbox 685 807 710 852; x_wconf 91' lang='lat' dir='ltr'><strong>et</strong></span> <span class='ocrx_word' id='word_1_65' title='bbox 719 797 789 871; x_wconf 78' lang='lat' dir='ltr'><strong>leges</strong></span> <span class='ocrx_word' id='word_1_66' title='bbox 800 817 908 869; x_wconf 88' lang='lat' dir='ltr'><strong>respue-</strong></span> 
     </span>
     <span class='ocr_line' id='line_1_12' title="bbox 91 873 907 946; baseline 0.001 -20"><span class='ocrx_word' id='word_1_67' title='bbox 91 883 165 926; x_wconf 84' lang='lat' dir='ltr'><strong>rant.</strong></span> <span class='ocrx_word' id='word_1_68' title='bbox 195 873 256 926; x_wconf 86' lang='lat' dir='ltr'><strong>Dux</strong></span> <span class='ocrx_word' id='word_1_69' title='bbox 275 873 358 926; x_wconf 90' lang='lat' dir='ltr'><strong>huius</strong></span> <span class='ocrx_word' id='word_1_70' title='bbox 378 873 441 927; x_wconf 92' lang='lat' dir='ltr'><strong>belli</strong></span> <span class='ocrx_word' id='word_1_71' title='bbox 460 873 539 946; x_wconf 76' lang='lat' dir='ltr'><strong>Agis,</strong></span> <span class='ocrx_word' id='word_1_72' title='bbox 561 891 608 928; x_wconf 82' lang='lat' dir='ltr'><strong>rex</strong></span> <span class='ocrx_word' id='word_1_73' title='bbox 628 873 907 940; x_wconf 77' lang='lat' dir='ltr'><strong>Lacedaemoniorum,</strong></span> 
     </span>
     <span class='ocr_line' id='line_1_13' title="bbox 1 947 907 1020; baseline 0.001 -18"><span class='ocrx_word' id='word_1_74' title='bbox 1 956 2 959; x_wconf 78' lang='grc'>’</span> <span class='ocrx_word' id='word_1_75' title='bbox 90 947 159 1002; x_wconf 84' lang='lat' dir='ltr'><strong>luit:</strong></span> <span class='ocrx_word' id='word_1_76' title='bbox 191 965 273 1018; x_wconf 91' lang='lat' dir='ltr'><strong>quem</strong></span> <span class='ocrx_word' id='word_1_77' title='bbox 293 955 394 1002; x_wconf 91' lang='lat' dir='ltr'><strong>motum</strong></span> <span class='ocrx_word' id='word_1_78' title='bbox 406 948 550 1020; x_wconf 83' lang='lat' dir='ltr'><strong>-Antipater</strong></span> <span class='ocrx_word' id='word_1_79' title='bbox 569 949 707 1004; x_wconf 86' lang='lat' dir='ltr'><strong>contractis</strong></span> <span class='ocrx_word' id='word_1_80' title='bbox 728 949 859 1003; x_wconf 88' lang='lat' dir='ltr'><strong>militibus</strong></span> <span class='ocrx_word' id='word_1_81' title='bbox 879 949 907 1003; x_wconf 92' lang='lat' dir='ltr'><strong>in</strong></span> 
     </span>
     <span class='ocr_line' id='line_1_14' title="bbox 90 1023 906 1097; baseline 0.001 -20"><span class='ocrx_word' id='word_1_82' title='bbox 90 1023 154 1093; x_wconf 85' lang='lat' dir='ltr'><strong>ipso</strong></span> <span class='ocrx_word' id='word_1_83' title='bbox 163 1031 224 1076; x_wconf 89' lang='lat' dir='ltr'><strong>ortu</strong></span> <span class='ocrx_word' id='word_1_84' title='bbox 234 1023 373 1094; x_wconf 86' lang='lat' dir='ltr'><strong>oppressit.</strong></span> <span class='ocrx_word' id='word_1_85' title='bbox 397 1025 493 1097; x_wconf 87' lang='lat' dir='ltr'><strong>Magna</strong></span> <span class='ocrx_word' id='word_1_86' title='bbox 504 1030 591 1078; x_wconf 88' lang='lat' dir='ltr'><strong>tamen</strong></span> <span class='ocrx_word' id='word_1_87' title='bbox 602 1024 737 1096; x_wconf 88' lang='lat' dir='ltr'><strong>utrimque</strong></span> <span class='ocrx_word' id='word_1_88' title='bbox 747 1024 837 1078; x_wconf 88' lang='lat' dir='ltr'><strong>caedes</strong></span> <span class='ocrx_word' id='word_1_89' title='bbox 848 1023 906 1078; x_wconf 89' lang='lat' dir='ltr'><strong>luit.</strong></span> 
     </span>
     <span class='ocr_line' id='line_1_15' title="bbox 91 1099 908 1171; baseline 0.002 -19"><span class='ocrx_word' id='word_1_90' title='bbox 91 1099 161 1170; x_wconf 79' lang='lat' dir='ltr'><strong>Agis</strong></span> <span class='ocrx_word' id='word_1_91' title='bbox 176 1115 233 1163; x_wconf 85' lang='lat' dir='ltr'><strong>rex,</strong></span> <span class='ocrx_word' id='word_1_92' title='bbox 250 1115 336 1170; x_wconf 93' lang='lat' dir='ltr'><strong>quum</strong></span> <span class='ocrx_word' id='word_1_93' title='bbox 351 1110 413 1153; x_wconf 91' lang='lat' dir='ltr'><strong>suos</strong></span> <span class='ocrx_word' id='word_1_94' title='bbox 424 1106 495 1171; x_wconf 82' lang='lat' dir='ltr'><strong>terga</strong></span> <span class='ocrx_word' id='word_1_95' title='bbox 506 1099 597 1154; x_wconf 81' lang='lat' dir='ltr'><strong>dantes</strong></span> <span class='ocrx_word' id='word_1_96' title='bbox 608 1099 716 1164; x_wconf 89' lang='lat' dir='ltr'><strong>videret,</strong></span> <span class='ocrx_word' id='word_1_97' title='bbox 732 1099 851 1153; x_wconf 90' lang='lat' dir='ltr'><strong>dimissis</strong></span> <span class='ocrx_word' id='word_1_98' title='bbox 865 1117 908 1154; x_wconf 88' lang='lat' dir='ltr'><strong>sa-</strong></span> 
     </span>
     <span class='ocr_line' id='line_1_16' title="bbox 92 1172 908 1239; baseline 0.001 -12"><span class='ocrx_word' id='word_1_99' title='bbox 92 1173 237 1238; x_wconf 89' lang='lat' dir='ltr'><strong>tellitibus,</strong></span> <span class='ocrx_word' id='word_1_100' title='bbox 259 1181 290 1227; x_wconf 90' lang='lat' dir='ltr'><strong>ut</strong></span> <span class='ocrx_word' id='word_1_101' title='bbox 304 1172 454 1228; x_wconf 83' lang='lat' dir='ltr'><strong>Alexandro</strong></span> <span class='ocrx_word' id='word_1_102' title='bbox 468 1173 600 1239; x_wconf 89' lang='lat' dir='ltr'><strong>felicitate,</strong></span> <span class='ocrx_word' id='word_1_103' title='bbox 622 1192 675 1230; x_wconf 91' lang='lat' dir='ltr'><strong>non</strong></span> <span class='ocrx_word' id='word_1_104' title='bbox 690 1174 787 1229; x_wconf 88' lang='lat' dir='ltr'><strong>virtute</strong></span> <span class='ocrx_word' id='word_1_105' title='bbox 800 1174 908 1228; x_wconf 81' lang='lat' dir='ltr'><strong>inferior</strong></span> 
     </span>
     <span class='ocr_line' id='line_1_17' title="bbox 90 1248 908 1322; baseline 0.002 -20"><span class='ocrx_word' id='word_1_106' title='bbox 90 1248 239 1313; x_wconf 85' lang='lat' dir='ltr'><strong>videretur,</strong></span> <span class='ocrx_word' id='word_1_107' title='bbox 247 1255 347 1302; x_wconf 87' lang='lat' dir='ltr'><strong>tantam</strong></span> <span class='ocrx_word' id='word_1_108' title='bbox 357 1255 472 1322; x_wconf 83' lang='lat' dir='ltr'><strong>stragem</strong></span> <span class='ocrx_word' id='word_1_109' title='bbox 482 1249 599 1302; x_wconf 91' lang='lat' dir='ltr'><strong>hostium</strong></span> <span class='ocrx_word' id='word_1_110' title='bbox 608 1249 736 1314; x_wconf 88' lang='lat' dir='ltr'><strong>edidit,ut</strong></span> <span class='ocrx_word' id='word_1_111' title='bbox 745 1250 853 1322; x_wconf 84' lang='lat' dir='ltr'><strong>agmina</strong></span> <span class='ocrx_word' id='word_1_112' title='bbox 865 1249 908 1304; x_wconf 84' lang='lat' dir='ltr'><strong>in-</strong></span> 
     </span>
     <span class='ocr_line' id='line_1_18' title="bbox 1 1322 907 1396; baseline 0 -18"><span class='ocrx_word' id='word_1_113' title='bbox 1 1382 2 1387; x_wconf 48' lang='lat'><strong>,</strong></span> <span class='ocrx_word' id='word_1_114' title='bbox 90 1323 201 1378; x_wconf 84' lang='lat' dir='ltr'><strong>tendum</strong></span> <span class='ocrx_word' id='word_1_115' title='bbox 225 1322 337 1396; x_wconf 82' lang='lat' dir='ltr'><strong>lugeret.</strong></span> <span class='ocrx_word' id='word_1_116' title='bbox 367 1323 409 1378; x_wconf 88' lang='lat' dir='ltr'><strong>Ad</strong></span> <span class='ocrx_word' id='word_1_117' title='bbox 431 1332 609 1395; x_wconf 85' lang='lat' dir='ltr'><strong>postremum,</strong></span> <span class='ocrx_word' id='word_1_118' title='bbox 634 1325 717 1379; x_wconf 86' lang='lat' dir='ltr'><strong>etsia</strong></span> <span class='ocrx_word' id='word_1_119' title='bbox 736 1324 907 1378; x_wconf 90' lang='lat' dir='ltr'><strong>multitudine</strong></span> 
     </span>
     <span class='ocr_line' id='line_1_19' title="bbox 90 1397 572 1471; baseline -0.004 -17"><span class='ocrx_word' id='word_1_120' title='bbox 90 1399 193 1462; x_wconf 88' lang='lat' dir='ltr'><strong>victus,</strong></span> <span class='ocrx_word' id='word_1_121' title='bbox 205 1397 289 1471; x_wconf 84' lang='lat' dir='ltr'><strong>gloria</strong></span> <span class='ocrx_word' id='word_1_122' title='bbox 298 1406 384 1452; x_wconf 73' lang='lat' dir='ltr'><strong>tamur</strong></span> <span class='ocrx_word' id='word_1_123' title='bbox 396 1417 489 1453; x_wconf 90' lang='lat' dir='ltr'><strong>omnes</strong></span> <span class='ocrx_word' id='word_1_124' title='bbox 499 1399 572 1454; x_wconf 86' lang='lat' dir='ltr'><strong>vicit.</strong></span> 
     </span>
    </p>

    <p class='ocr_par' dir='ltr' id='par_1_3' title="bbox 89 1473 909 2297">
     <span class='ocr_line' id='line_1_20' title="bbox 150 1473 908 1544; baseline -0.001 -16"><span class='ocrx_word' id='word_1_125' title='bbox 150 1473 222 1528; x_wconf 77' lang='lat' dir='ltr'><strong>Car.</strong></span> <span class='ocrx_word' id='word_1_126' title='bbox 234 1474 268 1527; x_wconf 90' lang='grc' dir='ltr'><strong>ΙΙ.</strong></span> <span class='ocrx_word' id='word_1_127' title='bbox 280 1473 522 1538; x_wconf 81' lang='lat' dir='ltr'><strong>PorroAlexander‚</strong></span> <span class='ocrx_word' id='word_1_128' title='bbox 531 1491 577 1528; x_wconf 87' lang='lat' dir='ltr'><strong>rex</strong></span> <span class='ocrx_word' id='word_1_129' title='bbox 583 1473 668 1544; x_wconf 87' lang='lat' dir='ltr'><strong>Epiri,</strong></span> <span class='ocrx_word' id='word_1_130' title='bbox 676 1473 824 1538; x_wconf 82' lang='lat' dir='ltr'><strong>inltaliam,</strong></span> <span class='ocrx_word' id='word_1_131' title='bbox 835 1474 908 1528; x_wconf 90' lang='lat' dir='ltr'><strong>aTa-</strong></span> 
     </span>
     <span class='ocr_line' id='line_1_21' title="bbox 90 1546 908 1617; baseline -0.005 -13"><span class='ocrx_word' id='word_1_132' title='bbox 90 1549 207 1604; x_wconf 87' lang='lat' dir='ltr'><strong>rentinis</strong></span> <span class='ocrx_word' id='word_1_133' title='bbox 217 1547 317 1604; x_wconf 81' lang='lat' dir='ltr'><strong>auxilia</strong></span> <span class='ocrx_word' id='word_1_134' title='bbox 331 1549 458 1604; x_wconf 90' lang='lat' dir='ltr'><strong>adversus</strong></span> <span class='ocrx_word' id='word_1_135' title='bbox 471 1549 585 1602; x_wconf 89' lang='lat' dir='ltr'><strong>Bruttios</strong></span> <span class='ocrx_word' id='word_1_136' title='bbox 598 1547 799 1617; x_wconf 86' lang='lat' dir='ltr'><strong>deprecantibus</strong></span> <span class='ocrx_word' id='word_1_137' title='bbox 810 1546 908 1600; x_wconf 93' lang='lat' dir='ltr'><strong>sollici-</strong></span> 
     </span>
     <span class='ocr_line' id='line_1_22' title="bbox 90 1620 907 1695; baseline -0.004 -16"><span class='ocrx_word' id='word_1_138' title='bbox 90 1625 218 1688; x_wconf 81' lang='lat' dir='ltr'><strong>tatus,ita</strong></span> <span class='ocrx_word' id='word_1_139' title='bbox 227 1623 460 1695; x_wconf 86' lang='lat' dir='ltr'><strong>cupideprolectus</strong></span> <span class='ocrx_word' id='word_1_140' title='bbox 468 1622 560 1687; x_wconf 87' lang='lat' dir='ltr'><strong>luerat,</strong></span> <span class='ocrx_word' id='word_1_141' title='bbox 569 1621 652 1678; x_wconf 88' lang='lat' dir='ltr'><strong>veluti</strong></span> <span class='ocrx_word' id='word_1_142' title='bbox 660 1621 688 1674; x_wconf 91' lang='lat' dir='ltr'><strong>in</strong></span> <span class='ocrx_word' id='word_1_143' title='bbox 696 1620 907 1676; x_wconf 87' lang='lat' dir='ltr'><strong>divisioneorbis</strong></span> 
     </span>
     <span class='ocr_line' id='line_1_23' title="bbox 90 1695 909 1772; baseline -0.005 -18"><span class='ocrx_word' id='word_1_144' title='bbox 90 1706 226 1754; x_wconf 78' lang='lat' dir='ltr'><strong>terrarum</strong></span> <span class='ocrx_word' id='word_1_145' title='bbox 237 1698 387 1756; x_wconf 80' lang='lat' dir='ltr'><strong>Alexandro</strong></span> <span class='ocrx_word' id='word_1_146' title='bbox 397 1697 574 1772; x_wconf 87' lang='lat' dir='ltr'><strong>Olympiadis,</strong></span> <span class='ocrx_word' id='word_1_147' title='bbox 588 1697 685 1752; x_wconf 91' lang='lat' dir='ltr'><strong>sororis</strong></span> <span class='ocrx_word' id='word_1_148' title='bbox 695 1714 767 1762; x_wconf 89' lang='lat' dir='ltr'><strong>suae,</strong></span> <span class='ocrx_word' id='word_1_149' title='bbox 785 1696 839 1750; x_wconf 87' lang='lat' dir='ltr'><strong>filio</strong></span> <span class='ocrx_word' id='word_1_150' title='bbox 848 1695 909 1752; x_wconf 88' lang='lat' dir='ltr'><strong>Ori-</strong></span> 
     </span>
     <span class='ocr_line' id='line_1_24' title="bbox 91 1772 907 1846; baseline -0.004 -17"><span class='ocrx_word' id='word_1_151' title='bbox 91 1791 151 1839; x_wconf 74' lang='lat' dir='ltr'><strong>emr,</strong></span> <span class='ocrx_word' id='word_1_152' title='bbox 159 1774 212 1828; x_wconf 83' lang='lat' dir='ltr'><strong>sibi</strong></span> <span class='ocrx_word' id='word_1_153' title='bbox 218 1772 346 1828; x_wconf 85' lang='lat' dir='ltr'><strong>Occidens</strong></span> <span class='ocrx_word' id='word_1_154' title='bbox 356 1783 424 1828; x_wconf 88' lang='lat' dir='ltr'><strong>sorte</strong></span> <span class='ocrx_word' id='word_1_155' title='bbox 433 1774 597 1846; x_wconf 83' lang='lat' dir='ltr'><strong>contigisset:</strong></span> <span class='ocrx_word' id='word_1_156' title='bbox 613 1791 666 1828; x_wconf 91' lang='lat' dir='ltr'><strong>non</strong></span> <span class='ocrx_word' id='word_1_157' title='bbox 677 1772 807 1826; x_wconf 89' lang='lat' dir='ltr'><strong>minorem</strong></span> <span class='ocrx_word' id='word_1_158' title='bbox 817 1790 907 1827; x_wconf 88' lang='lat' dir='ltr'><strong>rerum</strong></span> 
     </span>
     <span class='ocr_line' id='line_1_25' title="bbox 91 1847 908 1920; baseline -0.004 -16"><span class='ocrx_word' id='word_1_159' title='bbox 91 1849 233 1904; x_wconf 88' lang='lat' dir='ltr'><strong>materiam</strong></span> <span class='ocrx_word' id='word_1_160' title='bbox 243 1849 360 1914; x_wconf 87' lang='lat' dir='ltr'><strong>initalia,</strong></span> <span class='ocrx_word' id='word_1_161' title='bbox 368 1847 454 1904; x_wconf 81' lang='lat' dir='ltr'><strong>Africa</strong></span> <span class='ocrx_word' id='word_1_162' title='bbox 465 1849 616 1920; x_wconf 86' lang='lat' dir='ltr'><strong>Siciliaque,</strong></span> <span class='ocrx_word' id='word_1_163' title='bbox 624 1865 705 1920; x_wconf 89' lang='lat' dir='ltr'><strong>quam</strong></span> <span class='ocrx_word' id='word_1_164' title='bbox 717 1847 762 1902; x_wconf 91' lang='lat' dir='ltr'><strong>ille</strong></span> <span class='ocrx_word' id='word_1_165' title='bbox 771 1849 798 1902; x_wconf 91' lang='lat' dir='ltr'><strong>in</strong></span> <span class='ocrx_word' id='word_1_166' title='bbox 809 1849 872 1902; x_wconf 84' lang='lat' dir='ltr'><strong>Asia</strong></span> <span class='ocrx_word' id='word_1_167' title='bbox 882 1855 908 1902; x_wconf 90' lang='lat' dir='ltr'><strong>et</strong></span> 
     </span>
     <span class='ocr_line' id='line_1_26' title="bbox 90 1923 908 1994; baseline -0.005 -14"><span class='ocrx_word' id='word_1_168' title='bbox 90 1926 123 1980; x_wconf 92' lang='lat' dir='ltr'><strong>in</strong></span> <span class='ocrx_word' id='word_1_169' title='bbox 134 1924 231 1989; x_wconf 73' lang='lat' dir='ltr'><strong>PersiS,</strong></span> <span class='ocrx_word' id='word_1_170' title='bbox 239 1924 390 1978; x_wconf 88' lang='lat' dir='ltr'><strong>habitums.</strong></span> <span class='ocrx_word' id='word_1_171' title='bbox 404 1926 462 1978; x_wconf 88' lang='lat' dir='ltr'><strong>Huc</strong></span> <span class='ocrx_word' id='word_1_172' title='bbox 472 1924 616 1988; x_wconf 88' lang='lat' dir='ltr'><strong>accedebat,</strong></span> <span class='ocrx_word' id='word_1_173' title='bbox 624 1923 782 1994; x_wconf 87' lang='lat' dir='ltr'><strong>quod,sicut</strong></span> <span class='ocrx_word' id='word_1_174' title='bbox 792 1923 908 1978; x_wconf 82' lang='lat' dir='ltr'><strong>Alexan-</strong></span> 
     </span>
     <span class='ocr_line' id='line_1_27' title="bbox 90 1997 907 2072; baseline -0.004 -18"><span class='ocrx_word' id='word_1_175' title='bbox 90 2000 142 2055; x_wconf 90' lang='lat' dir='ltr'><strong>dro</strong></span> <span class='ocrx_word' id='word_1_176' title='bbox 155 1999 254 2072; x_wconf 82' lang='lat' dir='ltr'><strong>Magno</strong></span> <span class='ocrx_word' id='word_1_177' title='bbox 267 1998 392 2070; x_wconf 89' lang='lat' dir='ltr'><strong>Delphica</strong></span> <span class='ocrx_word' id='word_1_178' title='bbox 406 1999 510 2054; x_wconf 88' lang='lat' dir='ltr'><strong>oracula</strong></span> <span class='ocrx_word' id='word_1_179' title='bbox 526 1999 636 2053; x_wconf 88' lang='lat' dir='ltr'><strong>insidias</strong></span> <span class='ocrx_word' id='word_1_180' title='bbox 651 1999 679 2052; x_wconf 92' lang='lat' dir='ltr'><strong>in</strong></span> <span class='ocrx_word' id='word_1_181' title='bbox 694 1997 854 2062; x_wconf 87' lang='lat' dir='ltr'><strong>Macedonia,</strong></span> <span class='ocrx_word' id='word_1_182' title='bbox 871 1998 907 2052; x_wconf 88' lang='lat' dir='ltr'><strong>ita</strong></span> 
     </span>
     <span class='ocr_line' id='line_1_28' title="bbox 89 2073 908 2145; baseline -0.005 -16"><span class='ocrx_word' id='word_1_183' title='bbox 89 2074 159 2130; x_wconf 91' lang='lat' dir='ltr'><strong>huic</strong></span> <span class='ocrx_word' id='word_1_184' title='bbox 172 2091 330 2145; x_wconf 86' lang='lat' dir='ltr'><strong>responsum</strong></span> <span class='ocrx_word' id='word_1_185' title='bbox 344 2074 476 2129; x_wconf 91' lang='lat' dir='ltr'><strong>Dodonaei</strong></span> <span class='ocrx_word' id='word_1_186' title='bbox 489 2075 559 2129; x_wconf 86' lang='lat' dir='ltr'><strong>lovis</strong></span> <span class='ocrx_word' id='word_1_187' title='bbox 574 2074 668 2129; x_wconf 88' lang='lat' dir='ltr'><strong>urbem</strong></span> <span class='ocrx_word' id='word_1_188' title='bbox 679 2073 835 2127; x_wconf 90' lang='lat' dir='ltr'><strong>Pandosiam</strong></span> <span class='ocrx_word' id='word_1_189' title='bbox 850 2089 908 2126; x_wconf 91' lang='lat' dir='ltr'><strong>am-</strong></span> 
     </span>
     <span class='ocr_line' id='line_1_29' title="bbox 90 2146 908 2222; baseline -0.006 -17"><span class='ocrx_word' id='word_1_190' title='bbox 90 2167 212 2222; x_wconf 89' lang='lat' dir='ltr'><strong>nemque</strong></span> <span class='ocrx_word' id='word_1_191' title='bbox 240 2149 418 2204; x_wconf 83' lang='lat' dir='ltr'><strong>Acherusium</strong></span> <span class='ocrx_word' id='word_1_192' title='bbox 446 2149 595 2204; x_wconf 88' lang='lat' dir='ltr'><strong>cavendnm</strong></span> <span class='ocrx_word' id='word_1_193' title='bbox 621 2147 795 2219; x_wconf 87' lang='lat' dir='ltr'><strong>praedixerat.</strong></span> <span class='ocrx_word' id='word_1_194' title='bbox 834 2146 908 2212; x_wconf 88' lang='lat' dir='ltr'><strong>Quae</strong></span> 
     </span>
     <span class='ocr_line' id='line_1_30' title="bbox 90 2221 907 2297; baseline -0.006 -16"><span class='ocrx_word' id='word_1_195' title='bbox 90 2231 208 2297; x_wconf 85' lang='lat' dir='ltr'><strong>utraque</strong></span> <span class='ocrx_word' id='word_1_196' title='bbox 218 2242 304 2295; x_wconf 89' lang='lat' dir='ltr'><strong>quum</strong></span> <span class='ocrx_word' id='word_1_197' title='bbox 316 2225 344 2278; x_wconf 93' lang='lat' dir='ltr'><strong>in</strong></span> <span class='ocrx_word' id='word_1_198' title='bbox 357 2225 438 2296; x_wconf 91' lang='lat' dir='ltr'><strong>Epiro</strong></span> <span class='ocrx_word' id='word_1_199' title='bbox 447 2231 543 2289; x_wconf 87' lang='lat' dir='ltr'><strong>essent,</strong></span> <span class='ocrx_word' id='word_1_200' title='bbox 561 2225 671 2296; x_wconf 76' lang='lat' dir='ltr'><strong>ignarus</strong></span> <span class='ocrx_word' id='word_1_201' title='bbox 681 2222 772 2278; x_wconf 87' lang='lat' dir='ltr'><strong>eadem</strong></span> <span class='ocrx_word' id='word_1_202' title='bbox 782 2221 845 2276; x_wconf 89' lang='lat' dir='ltr'><strong>etin</strong></span> <span class='ocrx_word' id='word_1_203' title='bbox 856 2223 907 2276; x_wconf 88' lang='lat' dir='ltr'><strong>lta-</strong></span> 
     </span>
    </p>

    <p class='ocr_par' dir='ltr' id='par_1_4' title="bbox 1 2297 908 2599">
     <span class='ocr_line' id='line_1_31' title="bbox 1 2297 908 2371; baseline -0.003 -16"><span class='ocrx_word' id='word_1_204' title='bbox 1 2329 2 2368; x_wconf 54' lang='lat' dir='ltr'><strong>r</strong></span> <span class='ocrx_word' id='word_1_205' title='bbox 91 2300 129 2355; x_wconf 88' lang='lat' dir='ltr'><strong>lia</strong></span> <span class='ocrx_word' id='word_1_206' title='bbox 138 2318 205 2366; x_wconf 73' lang='lat' dir='ltr'><strong>esse,</strong></span> <span class='ocrx_word' id='word_1_207' title='bbox 221 2299 255 2354; x_wconf 86' lang='lat' dir='ltr'><strong>ad</strong></span> <span class='ocrx_word' id='word_1_208' title='bbox 265 2298 421 2354; x_wconf 89' lang='lat' dir='ltr'><strong>declinanda</strong></span> <span class='ocrx_word' id='word_1_209' title='bbox 431 2298 543 2355; x_wconf 85' lang='lat' dir='ltr'><strong>fatorum</strong></span> <span class='ocrx_word' id='word_1_210' title='bbox 553 2297 669 2370; x_wconf 90' lang='lat' dir='ltr'><strong>pericula</strong></span> <span class='ocrx_word' id='word_1_211' title='bbox 678 2298 845 2371; x_wconf 85' lang='lat' dir='ltr'><strong>peregrinam</strong></span> <span class='ocrx_word' id='word_1_212' title='bbox 855 2297 908 2352; x_wconf 91' lang='lat' dir='ltr'><strong>mi-</strong></span> 
     </span>
     <span class='ocr_line' id='line_1_32' title="bbox 92 2373 908 2448; baseline -0.004 -18"><span class='ocrx_word' id='word_1_213' title='bbox 92 2375 178 2430; x_wconf 89' lang='lat' dir='ltr'><strong>litiam</strong></span> <span class='ocrx_word' id='word_1_214' title='bbox 193 2374 320 2446; x_wconf 89' lang='lat' dir='ltr'><strong>cupidius</strong></span> <span class='ocrx_word' id='word_1_215' title='bbox 333 2375 454 2448; x_wconf 83' lang='lat' dir='ltr'><strong>elegerat.</strong></span> <span class='ocrx_word' id='word_1_216' title='bbox 484 2375 582 2448; x_wconf 80' lang='lat' dir='ltr'><strong>Igitur,</strong></span> <span class='ocrx_word' id='word_1_217' title='bbox 599 2390 685 2444; x_wconf 90' lang='lat' dir='ltr'><strong>quum</strong></span> <span class='ocrx_word' id='word_1_218' title='bbox 701 2374 729 2428; x_wconf 91' lang='lat' dir='ltr'><strong>in</strong></span> <span class='ocrx_word' id='word_1_219' title='bbox 745 2373 846 2428; x_wconf 86' lang='lat' dir='ltr'><strong>Italiam</strong></span> <span class='ocrx_word' id='word_1_220' title='bbox 862 2390 908 2428; x_wconf 88' lang='lat' dir='ltr'><strong>ve-</strong></span> 
     </span>
     <span class='ocr_line' id='line_1_33' title="bbox 91 2446 907 2522; baseline -0.007 -17"><span class='ocrx_word' id='word_1_221' title='bbox 91 2451 190 2515; x_wconf 85' lang='lat' dir='ltr'><strong>nisset,</strong></span> <span class='ocrx_word' id='word_1_222' title='bbox 208 2451 330 2522; x_wconf 90' lang='lat' dir='ltr'><strong>primum</strong></span> <span class='ocrx_word' id='word_1_223' title='bbox 345 2450 385 2504; x_wconf 93' lang='lat' dir='ltr'><strong>illi</strong></span> <span class='ocrx_word' id='word_1_224' title='bbox 399 2450 501 2505; x_wconf 90' lang='lat' dir='ltr'><strong>bellum</strong></span> <span class='ocrx_word' id='word_1_225' title='bbox 515 2467 577 2502; x_wconf 90' lang='lat' dir='ltr'><strong>cum</strong></span> <span class='ocrx_word' id='word_1_226' title='bbox 592 2448 686 2520; x_wconf 80' lang='lat' dir='ltr'><strong>Apulis</strong></span> <span class='ocrx_word' id='word_1_227' title='bbox 701 2446 764 2502; x_wconf 84' lang='lat' dir='ltr'><strong>fuit:</strong></span> <span class='ocrx_word' id='word_1_228' title='bbox 790 2464 907 2519; x_wconf 88' lang='lat' dir='ltr'><strong>quorum</strong></span> 
     </span>
     <span class='ocr_line' id='line_1_34' title="bbox 92 2521 907 2599; baseline -0.012 -18"><span class='ocrx_word' id='word_1_229' title='bbox 92 2527 199 2599; x_wconf 82' lang='lat' dir='ltr'><strong>cognito</strong></span> <span class='ocrx_word' id='word_1_230' title='bbox 210 2525 287 2580; x_wconf 90' lang='lat' dir='ltr'><strong>urbis</strong></span> <span class='ocrx_word' id='word_1_231' title='bbox 298 2524 350 2580; x_wconf 90' lang='lat' dir='ltr'><strong>lato</strong></span> <span class='ocrx_word' id='word_1_232' title='bbox 359 2525 433 2580; x_wconf 88' lang='lat' dir='ltr'><strong>brevi</strong></span> <span class='ocrx_word' id='word_1_233' title='bbox 444 2532 503 2595; x_wconf 91' lang='lat' dir='ltr'><strong>post</strong></span> <span class='ocrx_word' id='word_1_234' title='bbox 511 2532 627 2594; x_wconf 85' lang='lat' dir='ltr'><strong>tempore</strong></span> <span class='ocrx_word' id='word_1_235' title='bbox 637 2521 907 2593; x_wconf 85' lang='lat' dir='ltr'><strong>pacemetamicitiam</strong></span> 
     </span>
    </p>
   </div>
   <div class='ocr_carea' id='block_1_3' title="bbox 88 2593 906 2750">
    <p class='ocr_par' dir='ltr' id='par_1_5' title="bbox 88 2593 906 2750">
     <span class='ocr_line' id='line_1_35' title="bbox 91 2593 906 2674; baseline -0.016 -18"><span class='ocrx_word' id='word_1_236' title='bbox 91 2619 156 2656; x_wconf 91' lang='lat' dir='ltr'><strong>cum</strong></span> <span class='ocrx_word' id='word_1_237' title='bbox 166 2618 230 2674; x_wconf 83' lang='lat' dir='ltr'><strong>rege</strong></span> <span class='ocrx_word' id='word_1_238' title='bbox 239 2618 332 2656; x_wconf 92' lang='lat' dir='ltr'><strong>eorum</strong></span> <span class='ocrx_word' id='word_1_239' title='bbox 341 2599 410 2654; x_wconf 87' lang='lat' dir='ltr'><strong>iecit.</strong></span> <span class='ocrx_word' id='word_1_240' title='bbox 431 2601 494 2654; x_wconf 88' lang='lat' dir='ltr'><strong>Erat</strong></span> <span class='ocrx_word' id='word_1_241' title='bbox 505 2616 622 2670; x_wconf 88' lang='lat' dir='ltr'><strong>namque</strong></span> <span class='ocrx_word' id='word_1_242' title='bbox 632 2606 696 2652; x_wconf 92' lang='lat' dir='ltr'><strong>tunc</strong></span> <span class='ocrx_word' id='word_1_243' title='bbox 705 2595 830 2666; x_wconf 89' lang='lat' dir='ltr'><strong>temporis</strong></span> <span class='ocrx_word' id='word_1_244' title='bbox 841 2593 906 2644; x_wconf 86' lang='lat' dir='ltr'><strong>urbs</strong></span> 
     </span>
     <span class='ocr_line' id='line_1_36' title="bbox 88 2669 906 2750; baseline -0.02 -16"><span class='ocrx_word' id='word_1_245' title='bbox 88 2676 190 2750; x_wconf 80' lang='lat' dir='ltr'><strong>Apulis</strong></span> <span class='ocrx_word' id='word_1_246' title='bbox 200 2674 386 2741; x_wconf 90' lang='lat' dir='ltr'><strong>Brundisium,</strong></span> <span class='ocrx_word' id='word_1_247' title='bbox 394 2693 476 2748; x_wconf 87' lang='lat' dir='ltr'><strong>quam</strong></span> <span class='ocrx_word' id='word_1_248' title='bbox 484 2673 567 2730; x_wconf 83' lang='lat' dir='ltr'><strong>Aetoli</strong></span> <span class='ocrx_word' id='word_1_249' title='bbox 578 2674 660 2728; x_wconf 90' lang='lat' dir='ltr'><strong>secuti</strong></span> <span class='ocrx_word' id='word_1_250' title='bbox 671 2680 728 2726; x_wconf 90' lang='lat' dir='ltr'><strong>tum</strong></span> <span class='ocrx_word' id='word_1_251' title='bbox 738 2669 807 2724; x_wconf 83' lang='lat' dir='ltr'><strong>fama</strong></span> <span class='ocrx_word' id='word_1_252' title='bbox 817 2681 906 2720; x_wconf 83' lang='lat' dir='ltr'><strong>rerum</strong></span> 
     </span>
    </p>
   </div>
   <div class='ocr_carea' id='block_1_4' title="bbox 686 2762 894 2865">
    <p class='ocr_par' dir='ltr' id='par_1_6' title="bbox 818 2763 859 2778">
     <span class='ocr_line' id='line_1_37' title="bbox 818 2763 859 2778; baseline -0.049 0"><span class='ocrx_word' id='word_1_253' title='bbox 818 2767 822 2778; x_wconf 72' lang='lat' dir='ltr'><strong>t</strong></span> <span class='ocrx_word' id='word_1_254' title='bbox 855 2763 859 2776; x_wconf 67' lang='grc' dir='ltr'><em>δ</em></span> 
     </span>
    </p>

    <p class='ocr_par' dir='ltr' id='par_1_7' title="bbox 686 2762 894 2865">
     <span class='ocr_line' id='line_1_38' title="bbox 686 2762 894 2815; baseline 0.01 -7"><span class='ocrx_word' id='word_1_255' title='bbox 686 2762 710 2814; x_wconf 82' lang='lat' dir='ltr'><strong>G</strong></span> <span class='ocrx_word' id='word_1_256' title='bbox 723 2764 739 2815; x_wconf 69' lang='grc'>2</span> <span class='ocrx_word' id='word_1_257' title='bbox 819 2797 823 2808; x_wconf 69' lang='lat' dir='ltr'><em>t</em></span> <span class='ocrx_word' id='word_1_258' title='bbox 855 2793 860 2805; x_wconf 75' lang='lat' dir='ltr'><strong>t</strong></span> <span class='ocrx_word' id='word_1_259' title='bbox 889 2799 894 2810; x_wconf 75' lang='lat' dir='ltr'>J</span> 
     </span>
     <span class='ocr_line' id='line_1_39' title="bbox 818 2819 890 2841; baseline 0 -6"><span class='ocrx_word' id='word_1_260' title='bbox 818 2823 823 2835; x_wconf 83' lang='lat' dir='ltr'><strong>i</strong></span> <span class='ocrx_word' id='word_1_261' title='bbox 856 2819 860 2832; x_wconf 69' lang='lat' dir='ltr'><strong>t</strong></span> <span class='ocrx_word' id='word_1_262' title='bbox 886 2829 890 2841; x_wconf 79' lang='grc'><strong><em>,</em></strong></span> 
     </span>
     <span class='ocr_line' id='line_1_40' title="bbox 819 2853 861 2865; baseline 0 0"><span class='ocrx_word' id='word_1_263' title='bbox 819 2855 824 2865; x_wconf 61' lang='lat' dir='ltr'><em>A</em></span> <span class='ocrx_word' id='word_1_264' title='bbox 857 2853 861 2865; x_wconf 87' lang='grc' dir='ltr'><strong><em>Ι</em></strong></span> 
     </span>
    </p>
   </div>
   <div class='ocr_carea' id='block_1_5' title="bbox 407 2852 681 2954">
    <p class='ocr_par' dir='ltr' id='par_1_8' title="bbox 407 2852 681 2954">
     <span class='ocr_line' id='line_1_41' title="bbox 407 2852 681 2954; baseline 0 -5"><span class='ocrx_word' id='word_1_265' title='bbox 407 2852 681 2954; x_wconf 56' lang='lat' dir='ltr'><em>s</em></span> 
     </span>
    </p>
   </div>
   <div class='ocr_carea' id='block_1_6' title="bbox 0 0 1004 3006">
    <p class='ocr_par' dir='ltr' id='par_1_9' title="bbox 0 0 1004 3006">
     <span class='ocr_line' id='line_1_42' title="bbox 0 0 1004 3006; baseline 0 0"><span class='ocrx_word' id='word_1_266' title='bbox 0 0 1004 3006; x_wconf 95' lang='lat' dir='ltr'><strong> </strong></span> 
     </span>
    </p>
   </div>
  </div>
 </body>
</html>
