1998 3006
331 175 402 220 LIB.
422 177 459 221 XI
498 176 578 222 CAP.
600 177 627 221 9.
852 172 879 222 ill

89 270 199 340 proiectis
212 274 303 340 armis,
320 274 415 346 plenus
424 274 543 346 pulveris
556 293 586 330 ac
594 273 699 329 sudoris
709 273 737 328 in
747 273 885 348 praefrigi-

88 345 143 400 dam
153 348 251 404 undam
261 367 289 403 se
299 350 412 420 proiecit.
436 351 504 404 Tum
515 359 620 421 repente
629 356 717 404 tantus
727 351 884 405 nervoseius

87 423 216 492 occupavit
224 423 305 496 rigor,
318 431 348 478 ut
357 424 497 479 interclusa
508 442 570 479 voce
579 443 632 480 non
642 441 702 496 spes
713 424 790 478 modo
800 443 885 480 reme-

88 494 129 560 dii,
144 497 190 551 sed
204 515 253 554 nec
266 499 357 553 dilatio
370 499 480 570 periculi
496 499 666 554 inveniretur.
696 500 769 554 Unus
784 509 837 554 erat
850 517 884 553 ex

88 569 198 638 medicis,
215 574 322 628 nomine
336 573 485 645 Philippus,
502 575 550 645 qui
563 574 636 629 solus
650 575 796 628 remedium
806 574 884 646 polli-

86 654 192 716 ceretur;
213 648 262 702 sed
276 655 302 702 et
312 649 401 718 ipsum
411 649 591 702 Parmenionis
600 649 686 719 pridie
696 666 711 702 a
722 649 884 719 Cappadocia

87 720 175 774 missae
188 721 312 793 epistolae
326 730 478 792 suspectum
493 722 633 777 faciebant:
656 723 703 796 qui
718 723 828 794 ignarus
843 723 885 775 in-

87 793 209 850 firmitatis
222 797 367 852 Alexandri
383 798 529 868 scripserat,
546 816 564 852 c
574 799 692 866 Philippo
702 800 884 850 medicccave-

86 879 135 923 ret:
153 889 214 926 acm
224 879 376 940 corruptum
388 876 463 926 illum
473 892 490 927 c
499 874 583 926 Dario
593 876 692 942 inperiti
699 875 811 939 pecrtniu
820 888 884 925 erec.

87 942 173 999 Tutius
186 953 274 1000 tamen
284 955 366 1011 ratus,
378 947 474 1001 dubiae
484 964 512 1000 se
523 947 583 1000 fidei
594 946 885 1016 medicicrederequam
896 1001 898 1008 ,

87 1018 227 1075 indubitato
238 1021 330 1074 morbo
340 1021 435 1091 perire.
455 1021 566 1092 Accepto
576 1019 885 1096 igiturpoculoepistolas

87 1093 180 1150 medico
200 1095 321 1162 tradidit,
343 1103 422 1166 atque
441 1095 475 1149 ita
499 1097 565 1151 inter
583 1097 729 1152 bibendum
749 1095 838 1150 cculos
856 1095 883 1148 in

87 1168 185 1223 vultum
196 1170 308 1243 legentis
318 1169 440 1224 intendit.
461 1171 494 1224 Ut
503 1188 626 1226 securum
636 1171 780 1243 conspexit,
796 1170 885 1225 laetior

23 1257 25 1312 ᾗ
87 1238 162 1297 lactus
170 1252 210 1298 est
220 1245 413 1316 sanitatemque
422 1253 515 1316 quarta
528 1245 571 1300 die
580 1248 685 1318 recepit.

135 1318 203 1373 en.
214 1319 265 1373 IX.
280 1320 476 1374 IntereaDarius
486 1337 548 1374 oum
558 1321 758 1394 quadringentis
764 1317 885 1377 millibus

86 1392 198 1462 peditum
208 1400 354 1448 accentum
365 1394 486 1448 millibus
495 1395 615 1466 equitum
628 1397 656 1450 in
667 1396 750 1449 aciem
759 1392 884 1465 procedit.

85 1467 201 1524 lllovebat
218 1469 285 1522 haec
304 1469 446 1523 multitudo
464 1469 594 1535 hostium,
615 1477 733 1541 respectu
747 1467 885 1538 paucitatis

85 1558 156 1608 suae,
172 1543 370 1598 Alexandrum:
391 1543 437 1598 sed
453 1543 587 1598 interdum
602 1544 751 1614 reputabat,
773 1547 885 1612 quantas
975 1601 976 1604 Ἴ

85 1633 122 1670 res
136 1635 197 1672 cum
212 1619 262 1672 ista
276 1618 404 1688 paucitate
414 1619 539 1692 gessisset
548 1625 714 1690 quantosque
724 1613 835 1687 populos
845 1612 887 1667 lu-

85 1689 170 1746 disset.
196 1695 289 1764 ltaque
299 1711 384 1764 quum
394 1711 454 1765 spes
466 1701 566 1747 metum
576 1693 699 1756 vinceret,
712 1689 886 1763 periculosius

84 1764 184 1822 differre
195 1767 298 1822 bellum
313 1776 394 1834 ratus,
411 1785 445 1822 na
459 1768 604 1839 desperatio
618 1768 674 1821 suis
685 1775 817 1826 cresceret,
835 1765 886 1818 cir-

84 1849 236 1898 cumvectus
250 1860 313 1897 suos
328 1843 448 1916 singulas
463 1851 553 1916 gentes
566 1843 669 1897 diversa
684 1842 799 1897 oratione
814 1839 886 1894 adlo-

84 1917 186 1987 quitur:
209 1917 314 1991 Illyrios
328 1925 353 1972 et
366 1918 479 1972 Thracas
493 1935 574 1988 opum
590 1936 619 1972 ao
633 1918 785 1972 divitiarum
800 1923 887 1970 osten-

84 1993 185 2058 tatione,
205 1992 317 2047 Graeoos
332 1999 450 2048 veterum
464 1993 593 2047 bellorum
609 1993 734 2046 memoria
750 1990 888 2045 interneci-

84 2066 162 2138 vique
182 2085 245 2122 cum
265 2067 351 2122 Persis
370 2067 424 2122 odii
442 2067 611 2134 accendebat3
633 2067 785 2122 Macedones
800 2071 886 2116 autem

84 2159 154 2196 nunc
167 2143 291 2213 Europae
308 2143 392 2196 victae
405 2141 540 2207 admonet,
562 2159 635 2195 nunc
648 2141 725 2194 Asiae
744 2137 885 2208 expetitae:

85 2233 130 2270 nec
143 2218 267 2272 inventos
281 2216 335 2270 illis
348 2223 401 2271 toto
416 2217 478 2272 orbe
492 2235 568 2288 pares
579 2216 650 2270 viros
660 2213 800 2286 gloriatur:
822 2220 889 2265 oete-

85 2307 142 2345 rum
162 2300 187 2346 ct
202 2291 323 2346 laborum
339 2291 419 2346 finem
433 2292 506 2346 hunc
519 2299 544 2344 et
557 2289 655 2362 gloriae
669 2287 809 2342 cumulum
823 2286 886 2342 lore.
942 2322 944 2327 -

23 2361 24 2366 ’
84 2365 169 2438 Atque
189 2367 257 2420 inter
270 2366 335 2420 haeo
349 2365 490 2421 identidem
505 2365 646 2420 consistere
660 2365 740 2417 aciem
756 2364 841 2426 iubet,
860 2370 889 2415 ut

84 2439 131 2494 hac
145 2458 219 2495 mora
229 2449 401 2496 consuescant
409 2441 493 2495 oculis
503 2439 609 2494 turbam
617 2439 733 2494 hostium
747 2439 886 2492 sustinere.

83 2514 135 2568 Nec
148 2517 221 2570 Darii
235 2516 325 2589 segnis
341 2533 417 2586 opera
435 2515 463 2569 in
477 2513 621 2569 ordinanda
638 2514 692 2567 aoie
705 2512 768 2565 tuit:
790 2507 890 2577 quippe

81 2590 189 2654 omissis
203 2590 303 2645 ducum
317 2590 412 2645 officiis
427 2590 483 2660 ipse
495 2588 585 2642 omnia
599 2587 751 2648 circumire,
769 2577 890 2647 singulos

83 2662 189 2731 hortari,
207 2665 302 2721 veteris
316 2665 415 2738 gloriae
426 2666 565 2718 Persarum
580 2659 736 2730 imperiique
751 2656 891 2722 perpetuae
