2016 3028
300 235 369 278 LIB.
390 233 492 279 XXVII.
522 233 602 279 CAP.
624 234 650 279 2.
829 230 877 283 l93

72 350 104 386 ea
120 339 242 404 suscepto
256 333 387 388 interficit.
417 331 475 402 Quo
488 331 601 387 facinore
614 339 759 405 perpetrato
772 343 798 387 et
811 333 879 389 insa-

73 406 143 461 miae
161 405 293 462 maculam
312 407 395 462 subiit
412 415 437 461 et
454 407 591 462 Ptolemaei
611 407 679 463 bello
692 425 721 461 se
735 407 876 479 implicuit.

73 482 155 536 Porro
163 481 296 547 Berenice,
307 499 392 554 quum
403 480 436 535 ad
446 499 474 536 se
485 481 692 536 interficiendam
703 481 798 536 missos
808 483 879 537 didi·

73 555 162 620 cisset,
173 555 298 627 Daphnae
307 575 336 610 se
346 555 453 611 claudit.
471 555 520 610 Ubi
526 574 611 628 quum
622 556 736 611 obsideri
746 573 804 611 eam
815 575 877 612 cum

70 629 187 701 parvulo
196 630 251 685 tilio
264 631 413 685 nuntiatum
423 630 502 685 Asiae
511 630 662 685 civitatibus
672 638 748 695 esset,
759 631 878 687 recorda-

71 704 145 758 tione
158 711 280 776 paternae
294 706 478 778 maiorumque
495 706 553 759 eius
568 705 703 778 dignitatis
721 722 813 760 castam
823 715 877 760 tam

71 777 201 854 indignae
214 778 332 834 fortunae
346 779 499 834 miserantes
513 777 612 834 auxilia
626 779 650 832 ei
663 796 754 834 omnes
771 780 876 836 misere.
954 807 958 818 ·

70 854 165 908 Frater
174 853 448 926 quoquePtolemaeus
458 853 574 926 periculo
582 853 678 908 sororis
689 854 826 908 exterritus
836 872 878 908 re·

71 927 135 982 licto
149 945 230 1000 regno
240 945 301 983 cum
311 929 436 984 omnibus
447 929 549 983 viribus
560 926 673 982 advolat.
694 927 744 984 Sed
755 929 878 982 Berenice

71 1010 134 1057 ente
152 1002 295 1058 adventum
315 1003 485 1068 auxiliorum,
506 1020 591 1075 quum
612 1003 639 1056 vi
657 1003 803 1076 expugnari
824 1021 877 1058 non

70 1084 170 1148 posset,
183 1075 244 1132 dolo
253 1077 430 1132 circumventa
440 1077 594 1132 trucidatur.
618 1077 729 1152 Indigna
740 1095 780 1131 res
791 1079 878 1133 omni-

70 1152 125 1206 bns
139 1151 208 1206 visa.
239 1153 329 1224 ltaque
338 1170 423 1224 quum
438 1152 577 1208 universae
591 1152 716 1218 civitates,
730 1170 798 1225 quae
807 1152 877 1208 dele-

70 1233 171 1291 oeraut,
189 1226 323 1300 ingentem
332 1227 442 1282 classem
457 1234 659 1299 comparassent,
675 1236 877 1299 repenteexem·

69 1300 118 1374 plo
136 1300 297 1356 crudelitatis
316 1302 451 1356 exterritae
470 1300 551 1356 simul
571 1302 642 1356 etin
661 1301 787 1357 ultionem
808 1305 875 1368 eius,

69 1393 156 1450 quam
170 1375 303 1430 defensuri
316 1384 397 1441 eraut,
414 1375 559 1430 Ptolemaeo
572 1393 600 1430 se
615 1375 734 1431 tradunt:
754 1379 811 1449 qui,
825 1378 875 1432 uisi

68 1452 99 1506 in
110 1449 263 1522 Aegyptum
274 1450 414 1506 domestica
424 1450 550 1505 seditione
560 1459 695 1505 revocatus
706 1461 781 1516 esset,
792 1460 874 1506 totum

69 1542 187 1598 regnum
197 1523 297 1580 Seleuci
306 1533 464 1598 occupasset.
489 1526 603 1580 Tantum
616 1524 655 1580 vel
665 1523 704 1578 illi
715 1525 805 1580 odium
816 1544 878 1596 par·
928 1567 932 1574 .

68 1598 192 1655 rioidiale
201 1599 287 1654 scelus
298 1599 339 1655 vel
349 1600 413 1655 huie
423 1599 537 1655 savorem
548 1599 657 1673 indigne
666 1607 796 1670 peremtae
806 1617 877 1656 mors

68 1673 170 1730 sororis
180 1673 311 1730 attulerat.

126 1748 199 1804 Car.
220 1750 253 1803 ll.
275 1750 335 1804 Post
344 1747 490 1805 discessum
505 1746 644 1804 Ptolemaei
657 1745 781 1803 Seleucus
791 1765 875 1820 quum

69 1825 202 1880 adversus
209 1823 341 1888 civitates,
358 1841 426 1895 quae
445 1823 598 1889 defecerant,
616 1823 748 1896 ingentem
766 1821 875 1879 classem

68 1905 259 1969 comparasset,
271 1907 375 1970 repente
386 1898 466 1954 veluti
476 1899 527 1953 diis
537 1897 602 1969 ipsis
612 1896 783 1970 parricidium
790 1899 878 1954 vindi-

68 1973 206 2037 cantibus,
226 1980 281 2027 orta
302 1979 467 2045 tempestate,
479 1972 589 2027 classem
607 1972 744 2047 naufragio
766 1975 875 2029 amittit:

68 2065 118 2104 nee
129 2045 281 2119 quidquam
293 2045 332 2101 illi
341 2065 374 2102 ex
384 2055 454 2102 tanto
464 2055 589 2119 apparatu
599 2047 811 2118 praeterendum
822 2066 877 2103 eor-

67 2141 122 2196 pus
132 2129 158 2176 et
167 2121 292 2192 spiritum
302 2129 327 2176 et
335 2139 434 2194 paucos
444 2121 575 2196 naufragii
585 2122 690 2176 comites
700 2122 819 2177 residuos
825 2122 878 2178 for-

68 2207 136 2252 tuna
147 2194 217 2250 feeit.
233 2195 328 2251 Misera
337 2196 448 2269 quidem
457 2214 508 2261 res,
516 2196 562 2251 sed
572 2196 685 2267 optanda
695 2195 802 2251 Seleuco
812 2195 875 2251 luit:

69 2271 208 2344 siquidem
219 2269 343 2336 civitates,
350 2288 419 2344 quae
428 2271 488 2328 odio
497 2272 554 2327 eius
564 2271 598 2326 ad
607 2269 783 2326 Ptolemaeum
792 2279 878 2327 trans-

69 2347 164 2410 ierant,
178 2343 251 2400 velut
260 2344 312 2399 diis
322 2345 426 2400 arbitris
439 2345 602 2402 satisfactum
615 2345 666 2400 sibi
676 2353 751 2413 esset,
766 2348 877 2420 repenti-

70 2438 104 2476 na
116 2420 269 2475 animorum
280 2420 423 2477 mutatione
432 2421 461 2475 in
472 2420 603 2495 naufragii
608 2420 812 2477 misericordiam
821 2441 878 2477 ver-

70 2513 116 2550 sae
127 2494 240 2566 imperio
249 2511 278 2550 se
286 2495 344 2551 eius
354 2496 505 2552 restituunt.
536 2498 631 2551 Laetus
641 2496 723 2570 igitur
732 2497 810 2551 malis
821 2497 878 2549 suis

70 2577 96 2624 et
115 2569 224 2624 damnis
244 2570 322 2626 ditior
341 2571 468 2636 redditus,
483 2571 565 2626 veluti
576 2589 631 2698 par
644 2571 757 2634 viribus,
776 2569 878 2622 bellum

70 2644 222 2700 Ptolemaeo
236 2643 326 2701 insert:
348 2646 395 2702 sed
407 2645 486 2718 quasi
500 2645 533 2700 ad
547 2645 574 2699 lu
595 2645 694 2698 ibrium
711 2649 812 2697 tantum
827 2639 879 2694 lor-

70 2727 154 2774 tunae
169 2726 246 2773 natus
262 2729 338 2786 esset,
355 2737 402 2776 nec
413 2727 516 2792 propter
529 2718 602 2774 aliud
611 2735 672 2789 opes
683 2715 757 2788 regni
767 2714 880 2783 recepis-

111 2811 231 2866 lustrans.
281 2861 287 2871 ,
689 2807 714 2857 Ν
