2014 3000
114 121 147 172 48
351 123 503 169 IUSTINI
520 122 679 168 HISTOR.

115 230 175 280 belli
186 232 256 296 tora·
276 235 301 279 et
310 243 373 295 quos
382 229 438 280 suis
447 242 499 278 aaa
512 227 602 292 possit,
616 228 733 290 ipsoram
742 227 825 276 armis
834 227 916 278 vietu-

114 319 181 364 ram,
193 305 308 368 perfeeto
322 309 408 354 autem
422 302 495 361 betto,
510 302 599 352 statim
614 303 638 352 ei
654 316 712 352 cum
725 301 867 352 victoribus
876 303 916 352 di-

113 379 273 430 micantum.
302 376 455 428 Domesticos
465 378 553 441 itaque
564 375 637 427 bellis
653 373 792 427 Graeciam
802 375 916 427 obteren-

113 453 182 510 dam,
193 466 225 501 ne
233 455 351 502 aeternis
360 457 447 515 cacet;
468 453 704 517 exaequandasque
714 453 783 502 eires
791 453 916 515 portium,

113 532 139 576 et
148 527 285 591 interiores
297 526 401 578 caecilio
411 526 540 577 levandos.
570 523 629 578 Noa
643 528 710 576 enim
721 527 853 592 quieturos
859 532 917 591 post

113 601 181 651 heac
204 603 343 652 victoriam
366 598 526 666 Spartanos,
553 603 599 666 qai
613 602 728 652 vindices
746 615 774 652 se
792 601 918 652 libertatis

117 671 245 726 Graeciae
261 677 374 742 professi
392 679 455 727 sint.
496 672 573 726 Grata
592 673 674 726 oratio
695 670 837 726 Tissaferni
857 671 915 726 fuit.

113 745 206 818 Itaque
223 753 384 801 commeatus
401 747 517 818 maligne
531 746 667 816 praebere:
693 746 802 800 classem
818 747 917 818 regiam

114 837 168 876 nen
188 829 268 876 totam
289 821 404 888 mittere3
431 839 464 875 ne
478 829 522 874 aut
536 821 669 875 victoriam
685 828 763 874 totam
779 821 860 886 daret,
873 829 918 876 aut

114 897 295 952 necessitatem
305 895 454 966 deponendi
464 895 526 948 belli
537 895 690 965 imponeret.

170 969 240 1024 Car.
256 972 302 1024 ill.
324 972 423 1024 Interea
442 969 590 1023 Alcibiades
613 969 682 1023 hane
693 987 799 1039 operam
813 969 918 1024 civibus

114 1043 280 1098 venditabat:
302 1044 335 1098 ad
345 1062 425 1116 quem
434 1062 518 1116 quum
530 1043 607 1116 legati
618 1043 818 1098 Atheniensium
830 1045 919 1098 venis-

113 1125 181 1183 sent,
197 1118 334 1190 pollioetur
346 1119 388 1172 his
405 1119 547 1172 amicitiam
562 1118 640 1190 regis,
656 1119 679 1170 si
689 1118 836 1190 respublica
847 1137 861 1172 a
872 1137 919 1190 po-

113 1192 311 1264 pulo-translata
321 1193 354 1247 ad
364 1201 484 1248 senatum
490 1193 567 1247 ieret:
589 1210 706 1263 sperans,
719 1201 747 1246 ut
757 1201 802 1246 aut
812 1211 920 1248 concor-

114 1267 192 1321 dante
207 1267 311 1322 civitate
324 1268 380 1322 dux
391 1267 453 1322 belli
464 1269 497 1322 ab
511 1267 636 1322 omnihus
650 1266 787 1340 legeretur,
804 1276 849 1322 aut
864 1269 921 1324 dis-

114 1341 202 1396 cordia
221 1343 288 1397 inter
306 1343 411 1398 ordines
426 1343 500 1407 faeta,
520 1343 553 1396 ab
568 1342 645 1396 altera
660 1352 733 1413 parte
745 1343 773 1396 in
785 1343 920 1398 auxilium

114 1424 260 1472 vocaretur.
272 1417 323 1473 Sed
333 1417 547 1481 Atheniensibus,
555 1417 709 1470 imminente
717 1417 834 1488 periculo
844 1418 918 1484 belli,

114 1493 198 1547 maior
217 1493 319 1557 salutiS,
336 1510 418 1564 quam
431 1492 576 1566 dignitatis,
593 1509 654 1546 eura
668 1491 718 1546 fuit
757 1493 849 1565 Itaque
860 1511 922 1564 per-

114 1568 232 1622 mittente
256 1567 367 1640 populo‚
395 1568 537 1639 imperium
563 1566 597 1622 ad
616 1575 735 1621 senatum
754 1567 920 1623 transfertur.

114 1643 167 1708 Qui
187 1661 272 1715 quum
287 1643 365 1696 insita
384 1644 455 1715 genti
477 1643 599 1712 superbia
619 1642 756 1696 crudeliter
770 1642 798 1696 in
813 1641 919 1714 plebem

113 1717 270 1781 consuleret,
287 1716 401 1788 singulis
417 1717 564 1790 tyrannidis
574 1717 626 1770 sibi
637 1717 817 1788 impotentiam
830 1718 921 1772 vindi-

114 1791 244 1854 cantibus,
260 1790 293 1844 eb
308 1792 422 1844 exercitu
436 1791 584 1844 Alcibiades
598 1791 673 1845 exsul
691 1800 835 1857 revocatur,
848 1793 921 1847 dux-

115 1882 167 1937 que
183 1863 261 1918 classi
282 1864 457 1918 constituitur.
490 1865 583 1919 Statim
599 1867 681 1939 igit'ur
694 1866 810 1920 Athenas
828 1868 919 1932 mittit,

114 1959 148 1994 coe
159 1945 300 1994 continenti
309 1956 336 1993 se
349 1957 407 1993 cum
417 1946 534 1994 exercita
548 1951 692 2004 venturam,
705 1951 922 2011 receptarumque

114 2033 132 2070 a
143 2019 340 2085 quadriapentis
349 2019 411 2069 iura
418 2019 518 2084 popuii,
531 2020 558 2070 ni
571 2021 622 2084 ipsi
631 2021 777 2071 redderent.
807 2017 862 2071 Hae
874 2017 923 2071 de-

115 2089 282 2146 nunciatione
292 2089 429 2160 optimates
443 2090 533 2155 territi,
546 2091 632 2161 primo
646 2091 738 2144 urbem
748 2091 859 2160 prodere
870 2093 924 2146 La-

115 2165 289 2220 cedaemoniis
305 2173 449 2220 tentavere:
481 2166 551 2230 dein,
569 2183 653 2236 quum
668 2165 696 2219 id
711 2168 875 2237 nequissent,
893 2167 924 2220 in

114 2240 240 2295 exsilium
250 2240 356 2310 proiecti
366 2248 438 2295 sunt.
468 2241 551 2314 igitur
560 2240 717 2306 Alcibiades,
730 2240 852 2296 intestino
865 2259 925 2296 ma·

107 2312 141 2382 κΙο
153 2315 235 2383 patria
250 2314 365 2379 liberata,
381 2333 486 2369 summa
500 2333 562 2369 eura
578 2314 687 2369 classem
699 2316 817 2384 instruit,
840 2325 926 2388 atque

116 2385 150 2439 ita
160 2387 188 2440 in
199 2388 299 2441 bellum
313 2388 439 2444 adversus
449 2389 667 2444 Lacedaemonios
677 2393 771 2464 pergit.

170 2459 241 2514 Car.
252 2463 297 2515 IV.
318 2465 373 2516 Iam
387 2463 460 2518 Sesto
476 2465 611 2519 Mindarus
619 2473 644 2518 et
658 2465 854 2531 Pharnabazus
870 2467 929 2522 La-

115 2529 343 2588 cedaemoniorum
353 2537 441 2601 duces,
451 2539 583 2592 instructis
596 2540 709 2594 navibus
722 2542 927 2611 exspectabant.

116 2600 215 2657 Proelio
228 2609 377 2674 commisso,
396 2611 503 2665 victoria
517 2629 597 2684 penes
613 2614 784 2669 Athenienses
798 2615 859 2670 fuit.
894 2619 929 2672 ln
