2022 3010
348 174 419 219 LIB.
438 175 484 220 ΠΙ.
506 175 586 220 CAP.
608 177 631 220 6.
860 171 895 224 39

91 271 290 328 aemulationem
317 281 439 327 mutuam
463 273 543 327 dedit.
579 274 670 345 ltaque
695 274 773 328 tantis
796 275 893 330 animis

93 365 249 403 concursum
264 355 312 411 est,
325 353 354 400 ut
367 364 426 401 raro
436 365 555 419 unquam
568 349 864 420 cruentiusproeliuml
881 381 895 391 -

91 423 147 552 gip
176 421 218 475 Ad
230 427 393 493 postremum
408 430 495 477 tamen
510 423 616 478 victoria
629 423 892 479 Lacedaemoniorum

122 515 213 626 tm
233 569 279 625 v1.
300 571 434 626 interiecto
452 579 567 642 ternpore
590 574 694 627 tertium
716 591 824 645 quoque
837 574 895 628 bel-
953 568 956 571 ’

95 643 149 699 lum
160 645 284 699 Messenii
299 662 464 716 reparavere:
486 646 515 700 in
532 647 608 701 cuius
623 647 754 701 auxilium
765 649 894 702 Lacedae·

93 719 176 774 monii
190 720 258 774 inter
274 719 389 792 reliquos
403 721 486 775 socios
496 721 574 775 etiam
584 721 756 776 Athenienses
766 722 894 777 adhibue-

93 811 134 862 re,
154 811 270 865 quorum
282 794 361 848 fidem
371 813 457 867 quum
467 803 615 866 suspectam
626 796 760 850 habereut:
768 813 894 867 superva-

90 885 186 922 caneos
206 868 369 935 simulantes,
391 869 486 924 abello
500 869 604 924 eosdem
619 871 787 924 dimiserunt.
821 871 895 924 Hanc

93 961 148 997 rem
163 942 336 998 Athenienses
350 945 464 1018 graviter
473 943 591 1010 serentes,
602 945 751 1016 pecuniam,
763 962 831 1017 quae
840 953 895 998 erat

92 1017 121 1072 iu
135 1018 297 1088 stipendium
313 1019 409 1072 Persici
423 1018 486 1072 belli
496 1019 529 1073 ab
540 1020 663 1074 universa
673 1019 779 1074 Graecia
790 1019 891 1084 collata,

92 1091 155 1146 Delo
167 1092 281 1147 Athenas
295 1092 460 1158 transierunt,
473 1112 515 1159 ne,
526 1094 707 1148 deficientibus
720 1113 734 1148 a
747 1094 799 1148 fide
812 1095 894 1148 socie·
992 1099 993 1104 ’

92 1167 153 1220 tatis
163 1167 383 1232 Lacedaemoniis
397 1169 507 1239 praedae
516 1185 546 1222 ac
555 1169 661 1239 rapinae
673 1177 766 1222 essent.
788 1168 894 1223 Scdnec

93 1241 291 1296 Lacedaemonii
302 1243 438 1314 quievere:
459 1243 515 1314 qui,
528 1261 613 1315 quum
623 1244 812 1298 Messeniorum
824 1242 894 1297 bello

89 1317 212 1386 occupati
231 1325 324 1379 essent,
344 1317 552 1389 Peloponnenses
572 1317 713 1382 immisere,
730 1318 778 1390 qui
793 1317 893 1372 bellurn

92 1390 299 1445 Atheniensibus
317 1390 438 1446 lacerent.
470 1393 568 1447 Parvae
590 1393 794 1463 tunctemporis,
812 1391 895 1445 classe

92 1466 120 1519 in
134 1465 286 1538 Aegyptum
297 1467 386 1528 missa,
397 1466 467 1520 vires
476 1467 682 1522 Atheniensibus
693 1474 773 1520 erant.
803 1467 894 1536 Itaque

90 1539 183 1594 navali
191 1540 289 1610 proelio
300 1541 463 1605 dimicantes,
477 1541 550 1595 facile
562 1547 729 1611 superantur.
760 1539 894 1592 interiecto

89 1613 190 1668 deinde
203 1622 327 1686 tempore,
341 1624 398 1687 post
407 1616 521 1670 reditum
531 1631 641 1668 suorum
651 1613 719 1668 aucti
730 1620 754 1666 et
767 1611 856 1666 classis
870 1619 895 1666 et

92 1689 210 1743 militum
221 1691 320 1754 robore,
332 1689 461 1760 proelium
471 1705 634 1760 reparavere.
663 1689 719 1742 lam
729 1696 753 1742 et
767 1687 896 1741 Lacedae-

90 1764 186 1828 monii,
208 1765 315 1818 omissis
331 1765 476 1829 Messeniis,
496 1765 622 1818 adversus
636 1761 807 1817 Athenienses
821 1780 897 1834 arma

91 1847 234 1893 verterant.
254 1840 306 1893 Diu
318 1840 390 1894 varia
401 1840 505 1894 victoria
516 1838 579 1892 fnit:
601 1837 634 1892 ad
643 1844 803 1910 postremum
810 1854 894 1909 aequo
992 1867 993 1870 ¹

90 1913 175 1969 Marte
194 1913 319 1985 utrinque
333 1913 487 1968 discessum.
518 1913 581 1968 Inde
596 1913 707 1968 revocati
722 1911 895 1967 Lacedaemo·

89 1988 132 2042 nii
141 1987 177 2042 ad
186 1987 375 2046 Messeniorum
385 1987 494 2053 bellum,
507 1987 662 2042 nemedium
672 1987 894 2058 ‘tempusotiosum

87 2062 299 2117 Atheniensibus
310 2063 495 2134 relinquerent,
507 2079 569 2116 oum
579 2063 710 2116 Thebanis
715 2061 892 2132 paciscuntur,

89 2146 121 2191 ut
134 2137 301 2191 Boeotiorum
316 2138 457 2208 imperium
472 2137 515 2191 his
525 2137 696 2200 restituerent,
710 2135 781 2206 quod
794 2142 896 2204 ternpo-

88 2212 168 2266 ribus
179 2211 276 2265 Persici
286 2211 348 2265 belli
368 2212 516 2274 amiserant,
528 2219 558 2265 ut
568 2211 607 2264 illi
619 2209 820 2264 Atheniensium
826 2208 895 2264 bella

87 2285 268 2357 susciperent.
298 2287 397 2340 Tantus
413 2286 485 2341 furor
497 2285 685 2357 Spartanorum
699 2292 761 2349 erat,
778 2291 816 2350 ut,
829 2283 896 2339 duo-

86 2361 143 2416 bus
157 2360 237 2415 bellis
252 2360 381 2431 impliciti,
402 2362 535 2431 suscipere
550 2361 655 2414 tertium
670 2375 723 2413 uon
735 2367 893 2423 recusarent,

87 2435 239 2490 dummodo
249 2435 364 2489 inimicis
375 2436 431 2490 suis
441 2435 706 2506 hostesaoquirerent.
727 2434 897 2506 IgiturAthe-

17 2553 19 2558 ,
88 2511 207 2574 aienses,
221 2509 456 2564 adversustantam
467 2516 644 2580 tempestatem
665 2507 729 2561 belli
739 2507 806 2560 duos
816 2506 896 2556 duces

87 2584 223 2658 deligunt,
241 2584 374 2650 Periclem,
394 2593 522 2657 spectatae
535 2583 641 2638 virtutis
651 2582 749 2642 virum,
762 2586 786 2631 et
796 2573 897 2654 Sopho·

86 2659 172 2728 clem,
194 2658 349 2731 scriptorem
367 2660 574 2734 tragoediarum:
595 2655 652 2726 qui,
668 2653 755 2707 diviso
768 2649 895 2702 exercltu»
