2022 3010
127 151 161 204 73
362 133 513 202 1333133
529 155 687 204 nrsron.

125 255 301 312 contrahenda
313 255 426 322 auxilia3
438 262 463 309 et
472 256 612 328 Philippus
622 255 756 310 excidium
767 254 928 320 minabatur,

127 332 155 385 ni
167 331 238 383 fieret
250 329 356 384 deditio.
387 331 452 385 Victi
467 330 549 403 igitur
558 331 709 386 necessitate
724 337 797 400 pacta
808 328 892 383 salute
902 347 930 383 se

125 404 292 458 dediderunt.
312 405 362 459 Sed
372 405 455 475 pactio
465 406 521 460 eius
533 406 592 460 fidei
602 405 661 471 fuit,
676 405 752 459 carius
762 412 836 459 antea
847 402 930 458 iuerat

126 479 255 549 deprecati
270 479 332 532 belli
346 481 496 550 promissio.
526 481 610 553 igitur
623 480 768 534 caeduntur
778 479 877 550 passim
888 497 930 534 ra-

126 555 303 625 pianturque;
326 573 378 608 non
390 555 465 608 liberi
475 557 636 626 parentibus,
649 573 702 609 non
713 554 838 626 coniuges
849 554 930 608 mari-

127 630 170 693 tis,
190 645 243 683 non
258 629 367 683 deorum
387 631 527 685 simulacra
542 629 646 701 templis
661 630 718 684 suis
733 629 928 700 relinquuntur.

128 705 218 758 Unum
234 711 336 758 tantum
353 705 456 758 miseris
470 704 592 760 solatium
607 704 664 768 tuit,
677 704 758 776 quod,
770 721 857 776 quum
867 703 930 757 Phi-

128 778 218 850 lippus
233 781 349 851 portione
360 780 472 866 praedae
486 780 569 833 socios
583 779 737 843 fraudasset,
757 777 824 832 nihil
840 792 929 832 rerum·

60 910 63 916 ,
126 873 237 908 suarum
248 855 335 925 apud
329 872 449 908 rnrmrcos
459 854 591 908 viderunt
620 854 772 908 Reversus
765 872 792 907 111
803 871 927 926 regnum
997 903 998 926 ,

129 938 157 982 nt
171 947 261 999 pecora
281 937 408 1013 pastores
416 947 488 982 nunc
502 929 528 982 in
543 928 675 992 hibernos
692 945 765 982 nuno
778 928 806 981 in
818 928 930 983 aestivos
997 965 998 1004 ἒ

126 1002 210 1056 saltus
229 1003 369 1066 traiicinnt‚
387 1003 425 1056 sic
438 1003 481 1057 ille
492 992 602 1074 populos
612 1011 636 1056 et
646 1003 734 1067 urbes,
746 1010 776 1056 ut
787 1001 826 1055 illi
838 1001 877 1056 vel
889 1021 931 1056 re-
997 1035 998 1064 ;

127 1075 223 1148 pianda
239 1075 280 1130 vel
295 1044 498 1148 derelinquenda
516 1095 638 1149 quaeque
651 1077 705 1132 loca
716 1045 882 1141 videbantur
897 1076 930 1130 ad
997 1071 998 1090 ³

128 1150 265 1204 libidinem
280 1168 356 1204 suom
375 1151 504 1205 transfert
535 1152 681 1206 Miseranda
699 1153 811 1232 ubique
815 1151 893 1206 iacies
907 1160 932 1206 et
997 1159 998 1162 ’

126 1225 407 1280 excidiosimiliserat
424 1229 482 1280 hon
493 1227 600 1298 quidem
610 1244 693 1298 pavor
702 1226 746 1281 nte
756 1220 868 1287 hostilis
882 1244 932 1281 nec
997 1279 998 1284 ,

127 1300 264 1354 discursus
275 1318 321 1370 per
331 1301 423 1355 urbem
435 1301 503 1354 milit
493 1309 549 1355 tum
560 1309 627 1369 erat3
639 1320 690 1356 non
701 1301 833 1356 tumultus
844 1319 932 1356 armo·
997 1321 998 1334 ¹

127 1392 199 1439 rum,
212 1392 264 1429 non
276 1376 405 1430 honorum
416 1385 494 1446 atque
504 1344 643 1430 hominum
655 1377 759 1448 rapina:
780 1376 826 1431 scd
836 1377 931 1432 tacitus
997 1403 998 1448 q

128 1467 230 1506 moeror
240 1458 265 1504 et
276 1450 370 1516 luctus,
383 1451 543 1516 verentibus,
556 1469 589 1505 ne
599 1452 669 1522 ipsae
680 1451 802 1506 lacrimae
811 1469 859 1522 pro
867 1469 932 1506 oon·
997 1449 998 1500 l

127 1527 242 1580 tumacia
252 1526 419 1581 haberentur.
449 1525 546 1582 Crescit
560 1525 768 1581 dissimulatione
778 1527 835 1597 ipsa
846 1525 930 1591 dolor,

128 1601 178 1655 hcc
198 1601 276 1656 altius
295 1602 436 1688 demissus,
453 1619 507 1674 quo
521 1601 610 1656 minus
625 1601 737 1672 profiteri
755 1601 822 1655 licet
853 1603 932 1656 Nunc

126 1676 247 1746 sepulcra
254 1695 398 1740 marorum
415 1695 487 1730 nunc
496 1685 594 1731 veteres
608 1683 723 1748 penates,
737 1693 808 1731 nunc
817 1684 890 1738 tecta
903 1677 930 1729 in

126 1751 229 1820 quibus
238 1751 319 1834 geniti
329 1759 402 1805 erant
412 1752 438 1805 in
450 1752 602 1822 quibusque
615 1760 768 1824 genuerant,
781 1750 932 1806 considera

127 1824 204 1877 bant:
226 1824 378 1879 miserantes
389 1842 461 1878 nunc
473 1826 557 1881 vicem
568 1844 653 1893 suam,
667 1825 760 1898 quod
751 1841 780 1880 ln
790 1843 848 1880 eam
858 1825 932 1880 diem

130 1898 265 1962 vixissent,
282 1917 354 1952 nunc
367 1898 492 1965 liliorum,
508 1901 580 1972 quod
594 1918 647 1956 non
656 1908 716 1972 post
725 1918 782 1955 earn
793 1900 864 1954 diem
875 1905 933 1955 nati

124 1979 223 2028 essent.

183 2046 252 2103 Car.
273 2048 318 2104 Vl.
338 2047 411 2105 Alios
430 2048 541 2122 populos
555 2049 582 2104 in
603 2049 703 2106 finibus
713 2049 788 2122 ipsis,
808 2049 934 2104 hostibus

125 2124 249 2194 opponit3
271 2122 336 2178 alios
348 2123 376 2178 in
386 2132 430 2179 ext
420 2125 509 2179 tremis
519 2124 594 2198 regni
604 2125 723 2180 terminis
733 2125 836 2192 statuit;
848 2141 936 2196 quos-

127 2199 189 2252 dam
204 2199 273 2254 bello
288 2206 376 2271 captos
391 2199 418 2254 in
429 2199 618 2271 supplementis
628 2200 736 2255 urbium
746 2199 853 2255 dividit
884 2200 937 2254 At-

125 2290 180 2344 que
190 2273 225 2327 ita
235 2291 267 2328 ex
277 2275 370 2330 multis
378 2275 501 2349 gentibus
509 2275 713 2347 nationibusque
722 2293 808 2330 unum
816 2291 936 2347 regnum

127 2346 311 2419 populumque
333 2350 476 2404 constituit
517 2349 673 2420 Compositis
698 2349 912 2421 ordinatisque
904 2368 937 2405 111

127 2420 277 2475 Macedonia
288 2423 377 2488 rebus,
392 2424 525 2479 Dardanos
538 2432 687 2510 ceterosque
697 2424 824 2480 finitimos
838 2423 940 2480 fraude

124 2499 215 2561 captos
229 2504 375 2567 expugnat
355 2498 458 2552 tSed
474 2515 545 2552 neca
558 2500 686 2569 proximis
695 2516 791 2554 manus
802 2499 938 2555 abstinet:

124 2564 260 2633 siquidem
272 2567 414 2697 Anubpn,
408 2589 513 2643 ,rogem
524 2573 606 2642 Epiri,
619 2573 695 2628 uxori
705 2591 768 2628 suae
777 2573 940 2647 Olympiadi

124 2637 259 2693 artissima
277 2657 431 2713 cogitatione
450 2645 582 2712 iunctum
606 2646 702 2717 pellere
725 2664 807 2722 regno
826 2648 939 2718 sesnin
