1998 3006
84 168 132 220 ll8
317 170 469 218 IUSTINI
485 171 645 239 HISTQR.

82 290 164 344 quam
178 289 234 326 rem
248 272 296 325 etsi
311 271 432 327 homines
443 272 607 344 ignorabant,
619 271 688 326 lama
698 276 785 324 tamen
795 269 893 342 loque-

81 349 168 402 batur.
200 345 256 411 Qua
267 346 391 400 incensus
401 347 566 420 Pygmalion,
579 346 676 400 oblitus
686 345 752 400 iuris
763 345 889 411 humani,

82 419 246 476 avunculum
264 439 345 476 suum
364 422 542 493 eumdemque
555 440 682 495 generum
696 421 753 474 sine
768 428 892 490 respectu

81 495 185 568 pietatis
198 495 302 550 occidit.
334 496 420 550 Elissa
431 497 478 550 diu
487 496 592 551 fratrem
603 505 708 567 propter
717 494 803 548 soelus
812 513 892 549 aver-

82 578 137 626 sata
147 569 180 624 ad
191 578 353 641 postremum
364 571 530 625 dissimulato
539 569 891 643 odiomitigatoqueinterim

82 645 160 700 vultu
177 645 268 718 lugam
282 647 358 702 tacito
371 646 487 712 molitur,
503 646 631 700 adsumtis
642 643 804 717 quibusdam
814 645 892 714 prin-

82 719 188 792 cipibus
203 720 230 774 in
245 721 401 786 sacietatem,
417 721 517 792 quibus
527 737 574 791 par
586 719 680 790 odium
690 720 717 773 in
728 736 817 791 regem
831 737 892 773 esse

83 794 735 868 eandemquefugiendicupiditatemarbitrabatur.
756 793 892 848 Tunoira-

82 878 149 925 trem
160 870 220 924 dolo
230 870 396 942 adgreditur:
418 870 495 942 fingit
504 888 531 924 ee
541 874 577 925 ad
586 887 643 922 enm
652 874 766 938 migrare
777 871 892 932 vellana

83 949 196 1012 amplias
206 951 230 998 ei
239 950 330 999 mariti
340 951 430 998 domna
436 949 545 1012 rapidae
550 947 686 999 oblivionis
691 961 796 1014 gravem
802 945 893 998 laetus

82 1024 221 1089 imaginem
235 1028 379 1082 renouaret,
395 1037 457 1073 neve
466 1023 539 1073 altra
548 1036 642 1074 amara
652 1021 893 1072 admonitiunculis

83 1099 139 1147 eius
158 1101 287 1147 occurrat.
318 1094 376 1147 Non
396 1092 496 1148 invitus
518 1093 673 1168 Pygmalion
694 1093 773 1147 verba
791 1093 892 1148 sororis

83 1167 186 1220 audivit
198 1167 353 1220 existimans
368 1185 429 1221 cum
439 1185 469 1222 ea
478 1175 503 1221 et
513 1185 609 1223 aurum
617 1168 731 1222 acerbae
741 1167 775 1222 ad
784 1185 813 1222 se
824 1186 903 1223 ven-·

83 1251 185 1311 turum.
215 1240 265 1294 Sed
280 1241 366 1296 Elissa
377 1242 512 1302 ministros
522 1243 687 1316 migrationis
697 1261 712 1296 a
722 1259 782 1316 rege
791 1244 893 1298 missos

83 1316 198 1371 navibus
212 1332 273 1369 eum
284 1317 409 1372 omnibus
419 1317 515 1388 opibus
523 1317 580 1372 suis
593 1318 679 1388 prima
690 1319 894 1389 vesperaimpo-

83 1392 131 1457 nit,
156 1399 331 1463 prpveataque
349 1392 378 1447 in
397 1391 480 1446 altum
499 1391 632 1462 compellit
646 1409 689 1446 eos
702 1409 780 1448 onera
795 1411 894 1449 arenae

82 1482 130 1538 pro
145 1465 255 1538 pecunia
270 1466 415 1521 involueris
429 1465 546 1521 involuta
555 1467 583 1521 in
594 1485 666 1522 mare
676 1467 792 1522 deiicere.
813 1469 895 1524 Tune

83 1541 181 1596 dellens
195 1542 252 1613 ipsa
267 1541 429 1614 lugubrique
442 1559 505 1596 voce
518 1542 719 1617 Acerbampiet:
738 1553 802 1606 orat,
814 1553 844 1598 at
856 1548 895 1600 li-

84 1621 144 1672 bens
154 1635 213 1686 opes
221 1635 284 1671 snas
294 1622 413 1686 recipiat,
425 1635 491 1686 quas
499 1621 656 1686 reliqueram
670 1621 812 1686 habeatque
822 1623 895 1688 inte-

83 1697 148 1757 rius,
168 1709 234 1760 qaus
249 1695 375 1746 habuerat
390 1710 496 1746 eausam
510 1697 609 1747 mortis.
639 1692 714 1745 Tune
725 1691 797 1762 ipsos
808 1693 894 1747 mini-

84 1775 150 1820 stros
164 1763 329 1838 adgreditur:
350 1770 401 1820 sibi
415 1771 518 1834 quidem
527 1766 563 1820 ait
573 1775 688 1835 optatam
697 1770 759 1821 olim
768 1777 893 1838 mortem,-

83 1845 128 1896 sed
142 1842 197 1894 illis
215 1843 321 1894 acerbos
337 1845 471 1894 cruciatus
484 1850 509 1897 et
523 1846 585 1896 dira
599 1844 730 1910 supplicia
744 1847 891 1910 imminere,

84 1920 129 1984 qai
142 1915 256 1968 Acerbum
272 1931 339 1981 opes,
356 1932 468 1984 quaram
481 1933 525 1983 spe
535 1921 713 1984 parricidium
728 1935 778 1972 reor
788 1925 892 1988 fecerit,

83 1994 214 2046 auaritiae
224 1993 331 2058 tyranni
339 1993 527 2044 subtraxerint.
557 1993 692 2045 Hocmetu
705 1993 832 2047 omnibus
849 1994 894 2049 in-

83 2067 148 2121 ieoto
163 2065 270 2119 oomites
279 2063 358 2136 fugae
368 2064 471 2135 aooepit.
502 2067 653 2139 Iunguntur
662 2075 687 2120 et
699 2075 851 2123 senatorum
863 2069 893 2124 in

83 2159 141 2195 eam
152 2149 253 2196 nootem
263 2147 414 2212 praeparata
423 2140 543 2213 agmina,
565 2148 643 2212 atque
653 2141 688 2195 ita
699 2142 781 2197 sacris
791 2145 894 2200 Hercu-

83 2214 125 2280 lis,
142 2217 219 2271 ouius
229 2215 348 2271 sacerdos
358 2215 471 2270 Acerbas
481 2213 573 2282 fuerat,
586 2217 701 2287 repetitis
711 2217 892 2274 exsiliosedes

83 2299 224 2360 quaerunt.

138 2363 207 2418 Car.
221 2366 252 2419 V.
272 2365 378 2418 Primus
388 2364 441 2419 illis
454 2364 583 2437 appulsus
593 2373 675 2420 terrae
685 2365 791 2439 Cyprus
801 2368 891 2424 insula

83 2433 148 2488 fuit:
170 2437 217 2491 ubi
231 2438 350 2492 saoerdos
365 2440 435 2493 Iovis
446 2457 508 2494 oum
518 2441 630 2513 coniuge
643 2450 667 2495 et
677 2440 768 2494 liberis
778 2442 892 2498 deorum

82 2507 185 2561 monitu
194 2511 316 2564 comitem
325 2513 459 2568 seElissae
467 2514 623 2586 sociumque
628 2515 745 2570 fortunae
755 2519 890 2586 praebuit,

82 2586 175 2661 paetus
189 2583 241 2634 sibi
258 2586 422 2656 posterisque
435 2596 592 2658 perpetuum
602 2590 728 2644 honorem
738 2592 890 2647 sacerdotii.

84 2644 203 2704 Condrtio
211 2670 260 2722 pro
270 2657 505 2715 manifestoomine
518 2671 630 2734 aeoepta.
651 2665 707 2720 uos
716 2674 771 2720 erat
781 2666 890 2740 Cypriis
