1998 3006
170 214 218 266 m
402 179 750 263 immmmmmj

168 329 197 374 ut
210 326 340 392 tyrannus
355 316 464 389 quidem
479 315 647 381 occideretur,
663 316 710 370 sed
718 317 801 386 patria
812 333 863 370 nou
872 316 959 372 lihera-

167 401 248 447 retur.
279 393 347 445 Nam
362 391 439 445 irater
449 391 566 446 Clearchi
578 391 687 464 Satyrus
697 390 788 445 eadem
800 391 841 446 via
851 393 959 464 tyranni-

166 467 227 521 dem
245 466 360 521 invadit:
382 465 528 537 multisque
542 466 619 520 annis
633 483 679 536 per
688 465 787 538 gradus
798 467 959 521 successionis

166 541 343 596 Heraclienses
353 541 405 594 sub
418 558 499 614 regno
509 550 682 615 tyrannorum
693 539 774 596 luere.

473 709 667 738 dmm—-

389 927 768 1019 arnnnxvuf

477 1065 661 1076 ..——.—.

165 1137 213 1174 Aa
220 1137 244 1174 G.
258 1137 307 1185 Cep.
320 1139 339 1172 1.
349 1139 369 1172 2.
381 1133 499 1183 Lysimachi
509 1133 613 1180 interitus,
622 1141 642 1172 et
650 1133 737 1172 Seleuci.
751 1135 877 1174 Ptolemaeus
887 1135 925 1174 sihi
934 1151 961 1174 re·
979 1153 980 1158 ¹

293 1206 354 1244 gnum
359 1193 431 1231 firmet.
444 1199 463 1232 3.
471 1195 504 1232 De
512 1194 644 1243 Epirotarum
653 1207 713 1243 regno
723 1195 850 1246 Pyrrhoque.
979 1195 980 1198 ’

221 1269 297 1334 Cre.
318 1281 339 1333 1.
360 1279 409 1333 Per
428 1278 498 1332 idem
517 1277 598 1333 ferme
611 1285 715 1350 tempus
729 1278 757 1333 in
772 1278 931 1350 Hellesponti
943 1289 963 1332 et

166 1354 321 1410 Chersonesi
332 1354 485 1427 regionibus
496 1361 577 1408 terrae
587 1364 673 1407 motus
683 1351 746 1407 fuit:
759 1353 963 1408 maximetamen

165 1429 334 1503 Lysimachia
354 1429 428 1493 urbs,
451 1435 510 1482 ante
527 1428 595 1482 duos
609 1435 635 1482 et
649 1428 743 1501 viginti
757 1445 842 1482 annos
859 1446 874 1482 a
892 1430 964 1501 Lysi-

166 1505 260 1559 macho
275 1522 335 1578 rege
348 1504 460 1568 condita,
480 1520 570 1558 eversa
586 1510 634 1557 est.
665 1502 741 1568 Quod
750 1509 902 1574 portentum
913 1503 964 1556 dira

167 1580 326 1653 Lysimacho
346 1579 474 1650 stirpique
487 1578 545 1632 eius
563 1595 592 1632 ac
605 1579 680 1650 regni
694 1577 800 1631 ruinam
816 1595 881 1632 cnm
898 1577 965 1631 clade

169 1662 322 1710 vexatarum
344 1654 483 1726 regionum
501 1653 678 1724 portendebat.
710 1653 764 1706 Nec
780 1653 892 1707 ostentis
906 1653 966 1706 fides

165 1728 261 1784 defuit:
283 1746 345 1783 narn
355 1729 429 1782 brevi
443 1735 501 1798 post
511 1735 625 1798 tempore
635 1725 813 1800 Agathoclem,
828 1727 916 1781 lilium
925 1745 967 1780 su·

164 1821 222 1868 um,
237 1821 318 1875 quem
329 1803 356 1856 in
367 1803 557 1857 successionem
569 1802 643 1875 regni
653 1801 827 1868 ordinaverat,
836 1819 965 1874 perquem

164 1876 249 1930 multa
262 1877 330 1930 bella
345 1885 468 1947 prospere
480 1884 604 1949 gesserat,
622 1893 674 1931 non
687 1875 774 1930 solum
784 1877 914 1948 petrium,
927 1893 968 1929 ve-

142 1971 144 1976 ·
164 1968 226 2004 rum
248 1951 326 2004 etiam
344 1951 501 2004 humanum¹
514 1950 583 2006 ultra
601 1969 701 2006 morem
721 1968 833 2022 perosus
848 1952 966 2005 ministra

164 2024 274 2079 Arsinoe
285 2041 395 2080 noverca
409 2042 510 2080 veneno
521 2025 656 2080 interfecit.
677 2027 744 2079 llaec
753 2024 793 2079 illi
804 2023 967 2096 prima'mali

164 2099 245 2164 labes,
261 2101 310 2156 hoc
319 2099 424 2154 initium
439 2099 614 2171 impendentis
627 2100 718 2154 ruinae
728 2099 787 2154 tuit.
809 2099 969 2172 Nampnrri-

164 2175 263 2229 sidium
279 2175 430 2246 principum
445 2183 547 2230 secutae
556 2175 646 2229 caedes
656 2183 727 2239 sunt,
741 2173 878 2229 luentium
889 2172 967 2244 supli-

163 2251 212 2313 cia,
230 2250 302 2321 quod
312 2250 428 2305 occisum
439 2250 562 2305 iuvenem
572 2249 705 2305 dolebant.
734 2250 828 2321 ltaque
838 2257 866 2304 et
876 2250 915 2314 hi,
927 2247 966 2318 qui

153 2324 288 2390 ,caedibus
302 2324 494 2395 superfuerant,
510 2331 536 2378 et
547 2324 585 2388 hi,
597 2324 645 2396 qui
654 2323 812 2378 exercitibus
823 2329 964 2396 praeerant

163 2398 280 2450 certatim
295 2399 329 2452 ad
343 2399 482 2453 Seleucum
497 2398 636 2466 deficiunt;
658 2415 774 2469 eumque
787 2415 911 2470 pronum
923 2398 965 2450 iau

162 2486 195 2522 ex
210 2471 383 2525 aemulatione
397 2473 495 2545 gloriae
509 2472 609 2526 bellum
622 2473 780 2546 Lysimacho
790 2473 895 2528 inferre
905 2487 965 2526 conr

163 2541 274 2610 pellunt.
298 2545 425 2600 Ultimum
437 2547 486 2600 hoc
495 2555 624 2601 certamen
635 2547 851 2604 commilitonum
857 2548 968 2602 Alexan·

162 2613 203 2664 dri
214 2613 263 2667 tuit
275 2625 308 2679 et,
320 2616 393 2671 velut
403 2620 435 2672 arl
446 2620 598 2691 exemplum
609 2620 969 2693 fortunaeparreservatum·

161 2685 338 2753 Lysimachus
358 2699 471 2760 quatuor
489 2702 514 2748 et
528 2697 694 2769 septuaginta
707 2713 791 2751 annos
807 2701 971 2753 natusest.

637 2789 649 2818 Ο
