1998 3006
115 235 184 294 ,aaa
268 307 270 312 Ι
367 239 520 286 tuemur
537 209 697 286 ursina.

132 338 271 398 mulierem
282 349 515 412 expugnaverunt3
538 341 629 412 ibique
639 341 770 394 civitatem
780 357 942 397 concurren-
992 385 993 392 κ

132 419 204 470 libus
226 415 259 468 ad
273 415 423 485 opinionem
439 432 522 470 novae
532 415 607 484 urbis
616 415 764 485 pastoribus
775 423 939 478 statuerunt;
992 419 993 488 g

131 490 299 562 Bruttiosque
308 507 336 544 se
346 508 379 544 ex
390 489 796 545 nominemulierisvocaverunt.
819 491 941 546 Primum
992 491 993 552 ἶ

132 565 185 620 illis
196 581 255 618 oum
270 565 394 630 Lucanis,
406 566 518 640 originis
528 565 754 628 suaeauctttribuS‚
762 565 867 618 bellum
878 565 939 621 luit:
992 581 993 596 ³

132 657 185 712 qua
201 640 309 695 victoria
325 641 411 704 erecti,
431 659 516 712 quum
532 657 622 712 pacem
640 657 724 711 aequo
738 639 797 693 iure
807 639 939 706 iecissent,
992 639 993 670 ³

132 715 366 778 cetorosfinitimos
376 715 457 770 armis
467 716 642 788 subegerunt;
658 722 797 786 tantasque
806 733 872 786 opes
882 717 941 770 bre-

134 792 161 846 vi
176 791 309 846 consecuti
323 800 394 856 sunt,
412 799 440 844 ut
453 791 591 862 perniciosi
602 790 680 844 etiam
692 790 800 862 regibus
810 791 942 846 haberen-
992 821 993 844 ;

132 875 186 922 tur.
218 867 337 938 Denique
350 865 506 930 Alexander,
519 883 565 919 rex
575 865 658 936 Epiri,
672 882 757 938 quum
768 863 941 920 in'auxilium
992 897 993 924 1

134 941 434 998 Graecarumcivitatum
444 958 506 994 cum
512 941 730 1014 magnoexercitu
741 940 768 994 in
780 940 885 995 Italiam
897 959 943 996 ve-

133 1019 223 1081 nisset,
240 1033 301 1070 cum
315 1017 440 1070 omnibus
455 1017 537 1087 copiis
552 1017 585 1070 ab
600 1016 643 1070 his
658 1015 759 1070 deletus
773 1023 823 1069 est.
855 1015 944 1082 Quare

133 1092 221 1146 feritas
235 1108 327 1146 eorum
343 1107 465 1146 successu
480 1091 610 1144 felicitatis
626 1091 740 1156 incensa,
753 1090 800 1145 diu
814 1091 944 1146 terribilis
992 1155 993 1164 ἵ

134 1167 255 1220 finitimis
276 1165 335 1220 luit.
365 1167 406 1220 Ad
427 1175 589 1236 postremum
610 1166 765 1237 imploratus
784 1165 945 1240 Agathocles

133 1259 180 1312 spe
195 1239 340 1311 ampliandi
354 1241 428 1312 regni
438 1259 452 1294 a
463 1240 551 1295 Sicilia
564 1242 590 1294 in
601 1241 702 1296 Italiam
717 1241 826 1295 traiecit.

189 1315 256 1370 Car.
278 1315 310 1368 ll.
332 1316 464 1387 Principio
476 1316 609 1371 adventus
620 1317 742 1387 opinione
751 1317 809 1370 eius
820 1318 946 1370 concussi
992 1349 993 1356 κ

134 1390 231 1463 legatos
247 1389 280 1444 ad
294 1408 356 1444 eum
367 1391 513 1445 societatem
525 1391 722 1463 amicitiamque
735 1400 851 1464 petentes
862 1392 946 1446 misc-
992 1401 993 1432 ³

134 1473 207 1520 runt.
238 1465 309 1532 Quos
320 1466 475 1540 Agathocles
487 1465 520 1520 ad
533 1484 640 1521 coenam
651 1467 782 1530 invitatos,
799 1485 833 1520 ne
843 1468 947 1522 exerci-

134 1551 192 1596 tum
205 1541 422 1606 traiicividerent,
435 1551 460 1596 et
470 1543 498 1596 in
509 1550 643 1614 posterum
655 1549 749 1596 statuta
764 1541 869 1607 histilia,
882 1559 946 1596 con-

135 1635 224 1672 scensa
237 1634 303 1672 nave
314 1616 452 1673 frustratus
462 1625 507 1672 est.
528 1617 579 1672 Sed
590 1615 946 1688 fraudisbaudlaetuseven-

134 1701 178 1747 tus
190 1692 252 1746 luit:
275 1693 408 1764 siquidem
429 1692 523 1747 reverti
543 1710 605 1747 eum
621 1692 648 1746 iu
667 1691 784 1746 Siciliam
800 1692 945 1746 interiectis

135 1768 227 1842 paucis
242 1767 336 1822 diebus
354 1769 396 1823 vis
411 1767 497 1822 morbi
507 1768 605 1840 coegit3
627 1784 682 1838 quo
693 1774 743 1821 toto
752 1783 861 1838 corpore
871 1784 945 1834 oom-

135 1843 282 1914 prehensus
297 1861 344 1914 per
362 1861 454 1898 omnes
465 1847 564 1897 'nervos
580 1841 755 1914 articulosque
769 1842 885 1897 humore
898 1859 945 1913 pe-

135 1916 223 1972 stifero
233 1915 380 1990 ‘grassante
400 1918 470 1972 velut
485 1917 608 1972 intestino
622 1917 790 1990 singulorum
808 1918 944 1971 membro-

136 2010 196 2047 rum
207 1991 285 2057 bello,
298 1993 515 2066 impugnabatur.
535 1993 577 2046 Ex
588 2010 641 2064 qua
651 1991 831 2063 desperatione
841 1991 944 2046 bellum

136 2068 203 2122 inter
213 2066 300 2121 filium
314 2076 487 2141 nepotemque
495 2068 553 2122 eius
567 2068 679 2140 regnum
691 2067 742 2120 iam
756 2069 835 2138 quasi
846 2067 945 2122 mortui

136 2141 334 2198 vindicantibus
348 2144 444 2198 oritur:
465 2144 550 2197 occiso
565 2142 619 2196 filio
638 2159 751 2214 regnum
768 2159 851 2214 nepos
866 2159 946 2196 occu-

135 2218 219 2290 pavit.
248 2219 332 2293 Igitur
345 2219 510 2292 Agathocles,
526 2235 611 2289 quum
624 2217 709 2271 morbi
718 2234 780 2271 cura
791 2226 817 2270 et
828 2217 947 2290 aegritu-

136 2293 170 2346 do
180 2294 313 2365 graviores
324 2301 410 2348 essent
420 2305 444 2348 et
454 2297 521 2348 inter
529 2310 557 2346 se
568 2292 678 2346 alterum
689 2290 796 2346 alterius
806 2292 880 2348 malo
890 2309 947 2346 cre-

136 2375 230 2430 sceret,
246 2369 389 2439 desperatis
404 2370 484 2423 rebus
499 2385 608 2424 uxorem
627 2385 704 2422 suam
725 2367 882 2422 Thexenam
900 2383 947 2439 ge·

136 2440 259 2510 nitosque
276 2459 309 2496 ex
323 2461 353 2496 ea
369 2443 435 2497 duos
453 2443 579 2514 parvulos
593 2442 737 2498 cumomni
748 2441 862 2513 pecunia
873 2441 949 2496 etla-

136 2511 210 2565 milia
226 2516 361 2586 regalique
375 2517 559 2582 instrumento,
585 2535 639 2589 quo
656 2525 758 2590 praeter
771 2516 849 2572 illum
867 2532 948 2571 nemo

137 2601 230 2654 rogum
245 2587 322 2641 ditior
337 2589 396 2654 luit,
412 2593 526 2646 navibus
542 2592 678 2662 impositos
692 2592 854 2665 Aegyptum,
875 2589 950 2646 unde

137 2671 247 2711 uxorem
263 2671 404 2730 acceperat,
421 2667 542 2720 remittit:
564 2667 669 2727 timens,
686 2684 719 2720 ne
734 2665 898 2737 praedonem
908 2682 949 2720 re·

136 2727 183 2792 gni
198 2731 241 2781 sui
258 2733 360 2786 hostem
374 2744 534 2805 paterentur.
565 2739 735 2812 Quamquam
752 2757 820 2796 uxor
836 2741 898 2808 diu,
916 2754 950 2794 ne
