1998 3006
120 177 168 230 l66
353 180 504 227 IUSTINI
521 181 678 226 HISTOR.

116 283 228 336 rimante
242 281 284 334 sui
295 279 467 354 Syracusanis
478 281 558 334 dedit.
589 279 714 351 Sequenti
724 277 918 350 Campanorum

120 352 217 412 tantam
229 355 300 408 dese
310 373 383 426 spem
394 356 519 410 omnibus
533 355 601 419 lecit,
614 355 680 408 utin
693 354 779 408 locum
789 355 919 409 demortui
997 343 998 396 l

117 430 193 484 ducis
205 431 372 484 Damascenis
382 429 558 484 sufficeretur:
580 429 656 483 cuius
670 426 780 484 utiorem
793 428 919 484 adulterio
997 465 998 490 t

90 542 93 550 ‹
118 505 248 578 cognitam
268 513 455 576 postmortem
476 505 526 558 viri
545 505 573 558 in
598 504 795 558 matrimonium
815 505 918 574 recepit.

118 581 172 634 Nec
181 578 411 651 contentus‚squ0d
421 597 454 634 ex
465 580 541 650 inope
550 587 654 649 repente
663 579 738 633 dives
750 577 832 632 lactus
842 586 917 641 esset,

117 655 254 726 piraticam
274 657 401 709 adversus
423 656 532 724 patriam
552 653 675 708 exercuit.
710 653 793 708 Saluti
813 654 837 706 ei
858 651 917 720 luit,

119 730 191 802 quod
206 730 268 784 socii
285 730 353 801 capti
366 729 477 800 tortique
487 730 519 782 de
528 728 573 782 illo
583 736 754 801 negaverunt.
787 728 831 782 Bis
840 744 922 783 occu·
997 779 998 782 ,

118 823 181 877 pare
201 805 342 876 imperium
361 804 550 878 Syracusarum
570 803 666 858 voluit:
694 803 737 857 his
751 803 778 857 in
791 801 920 858 exsilium

119 889 193 1010 80ωὲ
199 888 247 1009 ilii.
258 955 291 1007 ll.
312 952 334 1006 Α
344 953 529 1026 Murgantiam,
542 927 613 1024 apud
623 970 691 1024 quos
701 941 846 1016 exsulabat,
857 951 922 1007 odio

117 1029 343 1102 Syracusanorum
353 1029 439 1097 primo
449 1035 558 1097 praeter,
572 1045 632 1083 mox
644 1028 699 1081 dux
710 1035 818 1081 creatur.
846 1027 878 1082 ln
888 1045 923 1082 co

117 1103 186 1158 bello
196 1111 221 1156 et
231 1104 324 1156 urbam
337 1102 523 1156 Leontinorum
537 1103 613 1173 cepit,
626 1110 650 1155 et
661 1101 770 1172 patriam
776 1118 856 1166 ¹snam
867 1101 925 1176 sy-

117 1195 223 1231 racusas
236 1175 356 1230 obsidere
369 1177 464 1246 coepit:
487 1176 610 1230 adonius
624 1176 755 1230 auxilium
774 1174 921 1242 Hamilcar,
997 1221 998 1224 ,

116 1251 172 1306 dux
187 1253 346 1312 Poenorum,
362 1249 525 1322 imploratus,
547 1251 670 1322 depositis
690 1249 829 1306 hostilibus
848 1250 925 1305 odiis
997 1301 998 1328 ἰ

115 1325 244 1397 praesidia
256 1324 371 1378 militum
382 1325 470 1380 mittit.
486 1327 521 1379 lta
532 1343 586 1380 uno
595 1325 739 1396 eodemque
748 1325 927 1398 temporeSy·
997 1345 998 1384 t

115 1395 222 1454 recusae
232 1409 257 1454 et
266 1401 299 1454 ab
311 1401 383 1456 hoste
393 1401 463 1454 civili
472 1407 560 1454 amore
569 1399 690 1454 defensae
702 1408 727 1454 et
736 1418 752 1457 a
760 1400 817 1455 cive
826 1399 926 1454 hostili

114 1473 927 1548 odioimpngnataesunt.SedAgathoclas,quumvideretior·
997 1511 998 1544 t

115 1551 167 1605 tius
177 1550 281 1605 delendi
290 1551 384 1604 urbem
394 1567 476 1622 quam
484 1549 770 1622 oppugnari,precibus
780 1566 826 1620 per
835 1548 928 1604 inter·
997 1555 998 1560 ’

114 1627 220 1680 nuntios
228 1625 398 1679 Hamilcarem
409 1633 505 1688 exorat,
512 1633 541 1678 ut
551 1624 649 1678 intersc
657 1624 866 1698 etSyracnsancs
871 1641 928 1696 pa-

112 1700 151 1753 cis
162 1701 266 1754 arbitria
278 1700 412 1770 suscipiat,
424 1699 565 1770 peculiaria
579 1699 605 1754 in
618 1699 707 1770 ipsum
720 1697 804 1752 officia
814 1717 866 1754 sua
877 1718 927 1754 re-

112 1773 388 1845 promittensQuaspe
399 1774 521 1845 impletus
529 1773 659 1828 Hamilcar
667 1773 927 1832 societatemcumeo

113 1857 183 1902 metu
195 1849 322 1919 potentiae
331 1849 388 1902 eius
399 1849 498 1922 iungit:
519 1856 549 1903 ut
558 1849 791 1920 quantumvirinm
800 1848 925 1922 Agatho-

112 1922 145 1976 cli
155 1922 282 1976 adversus
290 1922 470 1996 Syracusanos
480 1923 601 1988 dedisset,
609 1931 711 1978 tautum
720 1923 777 1994 ipsc
786 1923 820 1978 ad
831 1924 926 1980 incre-

112 2005 199 2052 menta
209 1998 364 2052 domesticae
374 1998 501 2069 potentiae
512 2006 682 2070 recuperaret.
702 1999 787 2071 Igitur
798 2015 927 2071 nompax

111 2081 214 2128 tantum
229 2071 364 2146 Agathocli
378 2073 539 2138 conciliatur,
552 2091 645 2127 verum
659 2073 736 2126 etiam
752 2083 856 2144 praetor
865 2075 927 2150 Sy-

111 2148 210 2202 racusis
221 2147 396 2202 constituitur.
421 2148 497 2201 Tunc
506 2148 655 2212 Hamilcari,
669 2147 795 2219 expositis
805 2149 927 2222 ignibus

111 2223 211 2276 Cereris
222 2223 357 2294 tactisque,
374 2220 402 2276 in
412 2222 540 2294 obsequia
550 2223 695 2278 Poenorum
707 2223 785 2277 iurat.
816 2225 927 2282 Deinde

110 2297 220 2366 acceptis
231 2298 264 2350 ab
274 2315 304 2352 eo
315 2297 434 2368 quinque
444 2297 564 2352 millibus
574 2297 706 2361 Aliorum,
718 2299 925 2370 potentissimos

107 2385 232 2439 quosque
240 2388 274 2424 ex
284 2371 450 2441 principibus
459 2372 593 2427 interficit:
606 2381 684 2444 atque
695 2373 730 2426 ita
736 2373 819 2428 veluti
826 2375 926 2447 reipu-

108 2439 192 2494 blicae
202 2451 297 2496 statum
310 2443 479 2510 formaturus,
487 2447 615 2517 populum
627 2449 653 2502 in
667 2448 797 2503 theatrum
808 2449 843 2504 ad
854 2467 925 2506 oon-

107 2512 209 2566 cionem
228 2518 314 2570 vocari
339 2519 424 2584 iubet,
449 2530 578 2576 contracto
599 2522 627 2576 in
647 2523 789 2595 gymnasio
809 2535 922 2590 senatu,
997 2553 998 2574 i

107 2587 183 2649 quasi
194 2589 324 2655 quaedam
336 2591 410 2660 prius
420 2594 596 2650 ordinaturus.
614 2595 658 2650 Sic
670 2598 823 2668 compositis
834 2601 924 2656 rebus

107 2651 234 2710 immissis
246 2660 375 2718 militibus
384 2667 515 2736 populum
525 2670 636 2737 obsidet,
651 2680 772 2726 senatum
785 2675 922 2732 trucidat:
