<?xml version="1.0" encoding="UTF-8"?>
<!DOCTYPE html PUBLIC "-//W3C//DTD XHTML 1.0 Transitional//EN"
    "http://www.w3.org/TR/xhtml1/DTD/xhtml1-transitional.dtd">
<html xmlns="http://www.w3.org/1999/xhtml" xml:lang="en" lang="en">
 <head>
  <title>
</title>
<meta http-equiv="Content-Type" content="text/html;charset=utf-8" />
  <meta name='ocr-system' content='tesseract 3.04.00' />
  <meta name='ocr-capabilities' content='ocr_page ocr_carea ocr_par ocr_line ocrx_word'/>
</head>
<body>
  <div class='ocr_page' id='page_1' title='image "./justinihistoria00justgoog_0107.png"; bbox 0 0 1984 3010; ppageno 0'>
   <div class='ocr_carea' id='block_1_1' title="bbox 87 150 652 204">
    <p class='ocr_par' dir='ltr' id='par_1_1' title="bbox 87 150 652 204">
     <span class='ocr_line' id='line_1_1' title="bbox 87 150 652 204; baseline -0.012 0"><span class='ocrx_word' id='word_1_1' title='bbox 87 150 120 204; x_wconf 75' lang='grc'><em>94</em></span> <span class='ocrx_word' id='word_1_2' title='bbox 325 155 475 200; x_wconf 86' lang='lat' dir='ltr'>IUSTINI</span> <span class='ocrx_word' id='word_1_3' title='bbox 497 151 652 199; x_wconf 85' lang='lat' dir='ltr'>HISTOR.</span> 
     </span>
    </p>
   </div>
   <div class='ocr_carea' id='block_1_2' title="bbox 86 251 900 548">
    <p class='ocr_par' dir='ltr' id='par_1_2' title="bbox 86 251 900 548">
     <span class='ocr_line' id='line_1_2' title="bbox 87 251 900 326; baseline -0.002 -15"><span class='ocrx_word' id='word_1_4' title='bbox 87 256 170 312; x_wconf 77' lang='lat' dir='ltr'><em>halus</em></span> <span class='ocrx_word' id='word_1_5' title='bbox 184 255 227 310; x_wconf 91' lang='lat' dir='ltr'><em>dei</em></span> <span class='ocrx_word' id='word_1_6' title='bbox 242 255 380 326; x_wconf 79' lang='lat' dir='ltr'>adoptione</span> <span class='ocrx_word' id='word_1_7' title='bbox 393 253 444 308; x_wconf 87' lang='lat' dir='ltr'><em>hoc</em></span> <span class='ocrx_word' id='word_1_8' title='bbox 457 270 485 307; x_wconf 86' lang='lat' dir='ltr'><em>se</em></span> <span class='ocrx_word' id='word_1_9' title='bbox 499 259 572 324; x_wconf 89' lang='lat' dir='ltr'><em>patre</em></span> <span class='ocrx_word' id='word_1_10' title='bbox 583 251 684 306; x_wconf 87' lang='lat' dir='ltr'><em>censeri</em></span> <span class='ocrx_word' id='word_1_11' title='bbox 698 251 783 307; x_wconf 88' lang='lat' dir='ltr'><em>iubet.</em></span> <span class='ocrx_word' id='word_1_12' title='bbox 813 253 900 326; x_wconf 82' lang='lat' dir='ltr'><em>Rogat</em></span> 
     </span>
     <span class='ocr_line' id='line_1_3' title="bbox 86 330 898 398; baseline -0.001 -13"><span class='ocrx_word' id='word_1_13' title='bbox 86 330 194 395; x_wconf 86' lang='lat' dir='ltr'><em>deinde,</em></span> <span class='ocrx_word' id='word_1_14' title='bbox 216 348 252 384; x_wconf 93' lang='lat' dir='ltr'><em>an</em></span> <span class='ocrx_word' id='word_1_15' title='bbox 270 345 356 384; x_wconf 86' lang='lat' dir='ltr'><em>omnes</em></span> <span class='ocrx_word' id='word_1_16' title='bbox 373 333 551 398; x_wconf 70' lang='lat' dir='ltr'><em>interfectores</em></span> <span class='ocrx_word' id='word_1_17' title='bbox 568 331 687 395; x_wconf 84' lang='lat' dir='ltr'><em>parentis</em></span> <span class='ocrx_word' id='word_1_18' title='bbox 699 333 742 382; x_wconf 89' lang='lat' dir='ltr'><em>sui</em></span> <span class='ocrx_word' id='word_1_19' title='bbox 759 333 795 382; x_wconf 89' lang='lat' dir='ltr'><em>sit</em></span> <span class='ocrx_word' id='word_1_20' title='bbox 814 333 898 384; x_wconf 88' lang='lat' dir='ltr'><em>ultus.</em></span> 
     </span>
     <span class='ocr_line' id='line_1_4' title="bbox 86 403 899 474; baseline -0.001 -15"><span class='ocrx_word' id='word_1_21' title='bbox 86 403 269 474; x_wconf 89' lang='lat' dir='ltr'><em>Respondetur</em></span> <span class='ocrx_word' id='word_1_22' title='bbox 280 413 384 472; x_wconf 85' lang='lat' dir='ltr'><em>patrem</em></span> <span class='ocrx_word' id='word_1_23' title='bbox 398 407 453 456; x_wconf 91' lang='lat' dir='ltr'><em>eius</em></span> <span class='ocrx_word' id='word_1_24' title='bbox 466 421 513 456; x_wconf 88' lang='lat' dir='ltr'><em>nec</em></span> <span class='ocrx_word' id='word_1_25' title='bbox 523 419 599 470; x_wconf 87' lang='lat' dir='ltr'><em>posse</em></span> <span class='ocrx_word' id='word_1_26' title='bbox 611 405 733 471; x_wconf 74' lang='lat' dir='ltr'><em>interfici,</em></span> <span class='ocrx_word' id='word_1_27' title='bbox 752 419 799 456; x_wconf 85' lang='lat' dir='ltr'><em>aec</em></span> <span class='ocrx_word' id='word_1_28' title='bbox 814 408 899 458; x_wconf 87' lang='lat' dir='ltr'><em>mori:</em></span> 
     </span>
     <span class='ocr_line' id='line_1_5' title="bbox 87 477 900 548; baseline -0.001 -15"><span class='ocrx_word' id='word_1_29' title='bbox 87 484 157 548; x_wconf 78' lang='lat' dir='ltr'><em>repis</em></span> <span class='ocrx_word' id='word_1_30' title='bbox 169 479 282 546; x_wconf 81' lang='lat' dir='ltr'><em>Philippi</em></span> <span class='ocrx_word' id='word_1_31' title='bbox 293 487 430 546; x_wconf 79' lang='lat' dir='ltr'><em>peractam</em></span> <span class='ocrx_word' id='word_1_32' title='bbox 440 480 516 545; x_wconf 88' lang='lat' dir='ltr'><em>piene</em></span> <span class='ocrx_word' id='word_1_33' title='bbox 529 480 653 531; x_wconf 86' lang='lat' dir='ltr'><em>ultionem</em></span> <span class='ocrx_word' id='word_1_34' title='bbox 662 494 726 532; x_wconf 89' lang='lat' dir='ltr'><em>esse.</em></span> <span class='ocrx_word' id='word_1_35' title='bbox 757 477 845 531; x_wconf 88' lang='lat' dir='ltr'><em>Tertia</em></span> <span class='ocrx_word' id='word_1_36' title='bbox 855 478 900 532; x_wconf 90' lang='lat' dir='ltr'><em>in-</em></span> 
     </span>
    </p>
   </div>
   <div class='ocr_carea' id='block_1_3' title="bbox 86 553 989 698">
    <p class='ocr_par' dir='ltr' id='par_1_3' title="bbox 86 553 989 698">
     <span class='ocr_line' id='line_1_6' title="bbox 86 553 989 626; baseline -0.002 -19"><span class='ocrx_word' id='word_1_37' title='bbox 86 553 260 626; x_wconf 81' lang='lat' dir='ltr'><em>terrogatione</em></span> <span class='ocrx_word' id='word_1_38' title='bbox 277 553 393 624; x_wconf 88' lang='lat' dir='ltr'><em>poscenti</em></span> <span class='ocrx_word' id='word_1_39' title='bbox 406 557 546 607; x_wconf 84' lang='lat' dir='ltr'><em>uictoriam</em></span> <span class='ocrx_word' id='word_1_40' title='bbox 561 555 674 605; x_wconf 90' lang='lat' dir='ltr'><em>omnium</em></span> <span class='ocrx_word' id='word_1_41' title='bbox 691 555 818 606; x_wconf 84' lang='lat' dir='ltr'><em>bellorum</em></span> <span class='ocrx_word' id='word_1_42' title='bbox 834 570 900 620; x_wconf 89' lang='lat' dir='ltr'><em>pos·</em></span> <span class='ocrx_word' id='word_1_43' title='bbox 988 599 989 626; x_wconf 35' lang='lat'>2</span> 
     </span>
     <span class='ocr_line' id='line_1_7' title="bbox 86 625 989 698; baseline -0.002 -15"><span class='ocrx_word' id='word_1_44' title='bbox 86 634 273 698; x_wconf 77' lang='lat' dir='ltr'><em>sessionemque</em></span> <span class='ocrx_word' id='word_1_45' title='bbox 292 637 436 691; x_wconf 87' lang='lat' dir='ltr'><em>terrarum,</em></span> <span class='ocrx_word' id='word_1_46' title='bbox 457 631 519 682; x_wconf 85' lang='lat' dir='ltr'><em>dari</em></span> <span class='ocrx_word' id='word_1_47' title='bbox 537 625 718 697; x_wconf 87' lang='lat' dir='ltr'><em>respondetur.</em></span> <span class='ocrx_word' id='word_1_48' title='bbox 748 625 901 681; x_wconf 81' lang='lat' dir='ltr'><em>Comitibus</em></span> <span class='ocrx_word' id='word_1_49' title='bbox 988 637 989 696; x_wconf 57' lang='grc' dir='ltr'><em>ᾗ</em></span> 
     </span>
    </p>
   </div>
   <div class='ocr_carea' id='block_1_4' title="bbox 87 702 989 847">
    <p class='ocr_par' dir='ltr' id='par_1_4' title="bbox 87 702 989 847">
     <span class='ocr_line' id='line_1_8' title="bbox 87 702 989 776; baseline 0 -20"><span class='ocrx_word' id='word_1_50' title='bbox 87 720 195 776; x_wconf 90' lang='lat' dir='ltr'><em>quoque</em></span> <span class='ocrx_word' id='word_1_51' title='bbox 205 703 261 758; x_wconf 92' lang='lat' dir='ltr'><em>suis</em></span> <span class='ocrx_word' id='word_1_52' title='bbox 269 702 656 774; x_wconf 82' lang='lat' dir='ltr'><em>responsum,utAteuandrum</em></span> <span class='ocrx_word' id='word_1_53' title='bbox 662 717 714 768; x_wconf 89' lang='lat' dir='ltr'><em>pro</em></span> <span class='ocrx_word' id='word_1_54' title='bbox 724 705 839 764; x_wconf 74' lang='lat' dir='ltr'><em>daemon</em></span> <span class='ocrx_word' id='word_1_55' title='bbox 846 719 901 769; x_wconf 86' lang='lat' dir='ltr'><em>pro</em></span> <span class='ocrx_word' id='word_1_56' title='bbox 988 753 989 776; x_wconf 30' lang='lat' dir='ltr'><em>q</em></span> 
     </span>
     <span class='ocr_line' id='line_1_9' title="bbox 87 775 989 847; baseline -0.001 -15"><span class='ocrx_word' id='word_1_57' title='bbox 87 782 280 847; x_wconf 86' lang='lat' dir='ltr'><em>reqecolcrent.</em></span> <span class='ocrx_word' id='word_1_58' title='bbox 300 779 366 832; x_wconf 88' lang='lat' dir='ltr'><em>llina</em></span> <span class='ocrx_word' id='word_1_59' title='bbox 376 777 416 832; x_wconf 88' lang='lat' dir='ltr'><em>illi</em></span> <span class='ocrx_word' id='word_1_60' title='bbox 426 782 500 831; x_wconf 87' lang='lat' dir='ltr'><em>aucta</em></span> <span class='ocrx_word' id='word_1_61' title='bbox 509 775 647 830; x_wconf 86' lang='lat' dir='ltr'><em>insolentia</em></span> <span class='ocrx_word' id='word_1_62' title='bbox 657 775 797 846; x_wconf 86' lang='lat' dir='ltr'><em>mirusque</em></span> <span class='ocrx_word' id='word_1_63' title='bbox 807 777 902 831; x_wconf 89' lang='lat' dir='ltr'><em>animo</em></span> <span class='ocrx_word' id='word_1_64' title='bbox 988 781 989 842; x_wconf 45' lang='lat' dir='ltr'><em>g</em></span> 
     </span>
    </p>
   </div>
   <div class='ocr_carea' id='block_1_5' title="bbox 87 843 989 1080">
    <p class='ocr_par' dir='ltr' id='par_1_5' title="bbox 87 843 989 1080">
     <span class='ocr_line' id='line_1_10' title="bbox 87 843 989 920; baseline 0 -14"><span class='ocrx_word' id='word_1_65' title='bbox 87 853 199 908; x_wconf 86' lang='lat' dir='ltr'><em>increvit</em></span> <span class='ocrx_word' id='word_1_66' title='bbox 218 861 313 918; x_wconf 84' lang='lat' dir='ltr'><em>mmor,</em></span> <span class='ocrx_word' id='word_1_67' title='bbox 329 859 431 906; x_wconf 82' lang='lat' dir='ltr'><em>exemto</em></span> <span class='ocrx_word' id='word_1_68' title='bbox 445 851 578 913; x_wconf 83' lang='lat' dir='ltr'><em>comitate,</em></span> <span class='ocrx_word' id='word_1_69' title='bbox 598 867 681 920; x_wconf 87' lang='lat' dir='ltr'><em>quam</em></span> <span class='ocrx_word' id='word_1_70' title='bbox 696 856 722 904; x_wconf 87' lang='lat' dir='ltr'><em>et</em></span> <span class='ocrx_word' id='word_1_71' title='bbox 735 849 901 906; x_wconf 85' lang='lat' dir='ltr'><em>Graecorum</em></span> <span class='ocrx_word' id='word_1_72' title='bbox 988 843 989 878; x_wconf 67' lang='lat'>³</span> 
     </span>
     <span class='ocr_line' id='line_1_11' title="bbox 88 924 989 998; baseline -0.002 -16"><span class='ocrx_word' id='word_1_73' title='bbox 88 926 181 982; x_wconf 87' lang='lat' dir='ltr'><em>litteris</em></span> <span class='ocrx_word' id='word_1_74' title='bbox 195 935 220 981; x_wconf 88' lang='lat' dir='ltr'><em>et</em></span> <span class='ocrx_word' id='word_1_75' title='bbox 232 926 405 982; x_wconf 87' lang='lat' dir='ltr'><em>Macedonum</em></span> <span class='ocrx_word' id='word_1_76' title='bbox 417 925 545 980; x_wconf 88' lang='lat' dir='ltr'><em>institutis</em></span> <span class='ocrx_word' id='word_1_77' title='bbox 555 924 689 978; x_wconf 78' lang='lat' dir='ltr'><em>didicerat.</em></span> <span class='ocrx_word' id='word_1_78' title='bbox 720 925 853 979; x_wconf 82' lang='lat' dir='ltr'><em>Reversus</em></span> <span class='ocrx_word' id='word_1_79' title='bbox 864 925 901 980; x_wconf 87' lang='lat' dir='ltr'><em>ab</em></span> <span class='ocrx_word' id='word_1_80' title='bbox 988 953 989 998; x_wconf 72' lang='lat' dir='ltr'><em>l</em></span> 
     </span>
     <span class='ocr_line' id='line_1_12' title="bbox 88 998 989 1080; baseline -0.002 -24"><span class='ocrx_word' id='word_1_81' title='bbox 88 1004 234 1056; x_wconf 88' lang='lat' dir='ltr'><em>Hammone</em></span> <span class='ocrx_word' id='word_1_82' title='bbox 245 1000 433 1055; x_wconf 81' lang='lat' dir='ltr'><em>Alexandriam</em></span> <span class='ocrx_word' id='word_1_83' title='bbox 447 999 564 1056; x_wconf 81' lang='lat' dir='ltr'><em>condidit</em></span> <span class='ocrx_word' id='word_1_84' title='bbox 573 1007 598 1054; x_wconf 88' lang='lat' dir='ltr'><em>et</em></span> <span class='ocrx_word' id='word_1_85' title='bbox 606 998 737 1054; x_wconf 88' lang='lat' dir='ltr'><em>coloniam</em></span> <span class='ocrx_word' id='word_1_86' title='bbox 747 999 902 1055; x_wconf 86' lang='lat' dir='ltr'><em>Macedoni·</em></span> <span class='ocrx_word' id='word_1_87' title='bbox 988 1037 989 1080; x_wconf 64' lang='lat' dir='ltr'><em>q</em></span> 
     </span>
    </p>
   </div>
   <div class='ocr_carea' id='block_1_6' title="bbox 90 1075 989 1222">
    <p class='ocr_par' dir='ltr' id='par_1_6' title="bbox 90 1075 989 1222">
     <span class='ocr_line' id='line_1_13' title="bbox 90 1075 989 1148; baseline -0.012 -17"><span class='ocrx_word' id='word_1_88' title='bbox 90 1094 133 1131; x_wconf 90' lang='lat' dir='ltr'><em>am</em></span> <span class='ocrx_word' id='word_1_89' title='bbox 144 1082 222 1146; x_wconf 88' lang='lat' dir='ltr'><em>caput</em></span> <span class='ocrx_word' id='word_1_90' title='bbox 231 1093 288 1128; x_wconf 89' lang='lat' dir='ltr'><em>esse</em></span> <span class='ocrx_word' id='word_1_91' title='bbox 296 1075 410 1148; x_wconf 77' lang='lat' dir='ltr'><em>Aegypti</em></span> <span class='ocrx_word' id='word_1_92' title='bbox 419 1075 501 1129; x_wconf 90' lang='lat' dir='ltr'><em>iubet.</em></span> <span class='ocrx_word' id='word_1_93' title='bbox 988 1109 989 1140; x_wconf 32' lang='lat' dir='ltr'><em>q</em></span> 
     </span>
     <span class='ocr_line' id='line_1_14' title="bbox 143 1147 989 1222; baseline -0.006 -17"><span class='ocrx_word' id='word_1_94' title='bbox 143 1150 214 1205; x_wconf 80' lang='lat' dir='ltr'><em>Can.</em></span> <span class='ocrx_word' id='word_1_95' title='bbox 234 1151 295 1203; x_wconf 87' lang='lat' dir='ltr'><em>Xll.</em></span> <span class='ocrx_word' id='word_1_96' title='bbox 316 1150 420 1214; x_wconf 87' lang='lat' dir='ltr'><em>Darius,</em></span> <span class='ocrx_word' id='word_1_97' title='bbox 437 1167 524 1222; x_wconf 91' lang='lat' dir='ltr'><em>quum</em></span> <span class='ocrx_word' id='word_1_98' title='bbox 535 1147 708 1222; x_wconf 80' lang='lat' dir='ltr'><strong>Babyloniam</strong></span> <span class='ocrx_word' id='word_1_99' title='bbox 723 1147 898 1222; x_wconf 80' lang='lat' dir='ltr'><em>profugisset,</em></span> <span class='ocrx_word' id='word_1_100' title='bbox 988 1149 989 1184; x_wconf 64' lang='grc' dir='ltr'>ἶ</span> 
     </span>
    </p>
   </div>
   <div class='ocr_carea' id='block_1_7' title="bbox 87 1223 989 1448">
    <p class='ocr_par' dir='ltr' id='par_1_7' title="bbox 87 1223 989 1448">
     <span class='ocr_line' id='line_1_15' title="bbox 87 1223 989 1300; baseline -0.001 -21"><span class='ocrx_word' id='word_1_101' title='bbox 87 1242 134 1300; x_wconf 86' lang='lat' dir='ltr'><em>per</em></span> <span class='ocrx_word' id='word_1_102' title='bbox 148 1223 270 1296; x_wconf 84' lang='lat' dir='ltr'><em>epistolas</em></span> <span class='ocrx_word' id='word_1_103' title='bbox 280 1223 462 1278; x_wconf 81' lang='lat' dir='ltr'><em>Alexandrum</em></span> <span class='ocrx_word' id='word_1_104' title='bbox 479 1230 607 1296; x_wconf 82' lang='lat' dir='ltr'><em>precatur,</em></span> <span class='ocrx_word' id='word_1_105' title='bbox 623 1228 835 1278; x_wconf 84' lang='lat' dir='ltr'><em>redimendarum</em></span> <span class='ocrx_word' id='word_1_106' title='bbox 845 1228 900 1280; x_wconf 82' lang='lat' dir='ltr'><em>sibi</em></span> <span class='ocrx_word' id='word_1_107' title='bbox 988 1229 989 1298; x_wconf 49' lang='lat'>3</span> 
     </span>
     <span class='ocr_line' id='line_1_16' title="bbox 89 1299 989 1372; baseline -0.001 -17"><span class='ocrx_word' id='word_1_108' title='bbox 89 1305 253 1368; x_wconf 84' lang='lat' dir='ltr'><em>captivarum</em></span> <span class='ocrx_word' id='word_1_109' title='bbox 263 1309 415 1368; x_wconf 88' lang='lat' dir='ltr'><em>potestatem</em></span> <span class='ocrx_word' id='word_1_110' title='bbox 426 1305 519 1368; x_wconf 73' lang='lat' dir='ltr'><em>faciat,</em></span> <span class='ocrx_word' id='word_1_111' title='bbox 535 1299 617 1370; x_wconf 88' lang='lat' dir='ltr'><em>inque</em></span> <span class='ocrx_word' id='word_1_112' title='bbox 629 1315 688 1352; x_wconf 91' lang='lat' dir='ltr'><em>eam</em></span> <span class='ocrx_word' id='word_1_113' title='bbox 702 1315 758 1352; x_wconf 89' lang='lat' dir='ltr'><em>rem</em></span> <span class='ocrx_word' id='word_1_114' title='bbox 769 1315 899 1371; x_wconf 84' lang='lat' dir='ltr'><em>magnam</em></span> <span class='ocrx_word' id='word_1_115' title='bbox 988 1303 989 1372; x_wconf 61' lang='lat' dir='ltr'><strong>f</strong></span> 
     </span>
     <span class='ocr_line' id='line_1_17' title="bbox 87 1372 989 1448; baseline -0.001 -18"><span class='ocrx_word' id='word_1_116' title='bbox 87 1375 228 1448; x_wconf 81' lang='lat' dir='ltr'><em>pecuniam</em></span> <span class='ocrx_word' id='word_1_117' title='bbox 242 1374 388 1446; x_wconf 89' lang='lat' dir='ltr'><em>pollicetur.</em></span> <span class='ocrx_word' id='word_1_118' title='bbox 419 1373 470 1428; x_wconf 85' lang='lat' dir='ltr'><em>Sed</em></span> <span class='ocrx_word' id='word_1_119' title='bbox 483 1372 632 1428; x_wconf 82' lang='lat' dir='ltr'><em>Alexander</em></span> <span class='ocrx_word' id='word_1_120' title='bbox 647 1373 674 1428; x_wconf 90' lang='lat' dir='ltr'><em>in</em></span> <span class='ocrx_word' id='word_1_121' title='bbox 689 1373 804 1444; x_wconf 90' lang='lat' dir='ltr'><em>pretium</em></span> <span class='ocrx_word' id='word_1_122' title='bbox 814 1375 900 1444; x_wconf 87' lang='lat' dir='ltr'><em>capti·</em></span> <span class='ocrx_word' id='word_1_123' title='bbox 988 1379 989 1428; x_wconf 59' lang='grc' dir='ltr'><strong><em>ἐ</em></strong></span> 
     </span>
    </p>
   </div>
   <div class='ocr_carea' id='block_1_8' title="bbox 87 1448 903 2491">
    <p class='ocr_par' dir='ltr' id='par_1_8' title="bbox 87 1448 903 2491">
     <span class='ocr_line' id='line_1_18' title="bbox 87 1448 900 1522; baseline 0 -18"><span class='ocrx_word' id='word_1_124' title='bbox 87 1467 185 1505; x_wconf 86' lang='lat' dir='ltr'><em>varum</em></span> <span class='ocrx_word' id='word_1_125' title='bbox 199 1467 312 1522; x_wconf 85' lang='lat' dir='ltr'><em>regnum</em></span> <span class='ocrx_word' id='word_1_126' title='bbox 321 1467 408 1514; x_wconf 88' lang='lat' dir='ltr'><em>omne,</em></span> <span class='ocrx_word' id='word_1_127' title='bbox 425 1466 478 1503; x_wconf 92' lang='lat' dir='ltr'><em>non</em></span> <span class='ocrx_word' id='word_1_128' title='bbox 491 1448 641 1520; x_wconf 87' lang='lat' dir='ltr'><em>pecuniam,</em></span> <span class='ocrx_word' id='word_1_129' title='bbox 655 1449 729 1519; x_wconf 89' lang='lat' dir='ltr'><em>petit.</em></span> <span class='ocrx_word' id='word_1_130' title='bbox 759 1449 900 1505; x_wconf 76' lang='lat' dir='ltr'><em>latericulo</em></span> 
     </span>
     <span class='ocr_line' id='line_1_19' title="bbox 89 1522 900 1598; baseline -0.004 -18"><span class='ocrx_word' id='word_1_131' title='bbox 89 1533 206 1598; x_wconf 86' lang='lat' dir='ltr'><em>tempore</em></span> <span class='ocrx_word' id='word_1_132' title='bbox 215 1525 280 1580; x_wconf 90' lang='lat' dir='ltr'><em>aliae</em></span> <span class='ocrx_word' id='word_1_133' title='bbox 289 1524 411 1596; x_wconf 88' lang='lat' dir='ltr'><em>epistolae</em></span> <span class='ocrx_word' id='word_1_134' title='bbox 420 1524 492 1577; x_wconf 88' lang='lat' dir='ltr'><em>Darii</em></span> <span class='ocrx_word' id='word_1_135' title='bbox 501 1522 651 1578; x_wconf 82' lang='lat' dir='ltr'><em>Alexandro</em></span> <span class='ocrx_word' id='word_1_136' title='bbox 661 1522 817 1588; x_wconf 86' lang='lat' dir='ltr'><em>redduntur,</em></span> <span class='ocrx_word' id='word_1_137' title='bbox 833 1525 900 1596; x_wconf 88' lang='lat' dir='ltr'><em>qui-</em></span> 
     </span>
     <span class='ocr_line' id='line_1_20' title="bbox 88 1597 900 1671; baseline -0.002 -15"><span class='ocrx_word' id='word_1_138' title='bbox 88 1601 141 1656; x_wconf 87' lang='lat' dir='ltr'><em>bus</em></span> <span class='ocrx_word' id='word_1_139' title='bbox 162 1601 231 1655; x_wconf 84' lang='lat' dir='ltr'><em>filiae</em></span> <span class='ocrx_word' id='word_1_140' title='bbox 251 1601 449 1655; x_wconf 80' lang='lat' dir='ltr'><em>matrimonium</em></span> <span class='ocrx_word' id='word_1_141' title='bbox 469 1605 493 1652; x_wconf 87' lang='lat' dir='ltr'><em>et</em></span> <span class='ocrx_word' id='word_1_142' title='bbox 511 1598 586 1671; x_wconf 83' lang='lat' dir='ltr'><em>regni</em></span> <span class='ocrx_word' id='word_1_143' title='bbox 599 1597 683 1668; x_wconf 91' lang='lat' dir='ltr'><em>portio</em></span> <span class='ocrx_word' id='word_1_144' title='bbox 696 1597 814 1652; x_wconf 82' lang='lat' dir='ltr'><em>offertur.</em></span> <span class='ocrx_word' id='word_1_145' title='bbox 844 1597 900 1654; x_wconf 89' lang='lat' dir='ltr'><em>Sed</em></span> 
     </span>
     <span class='ocr_line' id='line_1_21' title="bbox 89 1673 899 1744; baseline -0.001 -15"><span class='ocrx_word' id='word_1_146' title='bbox 89 1674 238 1729; x_wconf 79' lang='lat' dir='ltr'><em>Alexander</em></span> <span class='ocrx_word' id='word_1_147' title='bbox 252 1693 302 1730; x_wconf 89' lang='lat' dir='ltr'><em>sua</em></span> <span class='ocrx_word' id='word_1_148' title='bbox 315 1679 364 1730; x_wconf 83' lang='lat' dir='ltr'><em>sibi</em></span> <span class='ocrx_word' id='word_1_149' title='bbox 374 1679 436 1729; x_wconf 85' lang='lat' dir='ltr'><em>dari</em></span> <span class='ocrx_word' id='word_1_150' title='bbox 444 1673 589 1744; x_wconf 79' lang='lat' dir='ltr'><em>rescripsit3</em></span> <span class='ocrx_word' id='word_1_151' title='bbox 612 1673 743 1744; x_wconf 86' lang='lat' dir='ltr'><em>iussitque</em></span> <span class='ocrx_word' id='word_1_152' title='bbox 752 1677 899 1742; x_wconf 83' lang='lat' dir='ltr'><em>supplicem</em></span> 
     </span>
     <span class='ocr_line' id='line_1_22' title="bbox 88 1748 901 1820; baseline -0.001 -17"><span class='ocrx_word' id='word_1_153' title='bbox 88 1754 177 1804; x_wconf 88' lang='lat' dir='ltr'><em>uenire</em></span> <span class='ocrx_word' id='word_1_154' title='bbox 197 1759 221 1802; x_wconf 87' lang='lat' dir='ltr'><em>et</em></span> <span class='ocrx_word' id='word_1_155' title='bbox 240 1753 314 1816; x_wconf 86' lang='lat' dir='ltr'><em>requi</em></span> <span class='ocrx_word' id='word_1_156' title='bbox 332 1751 447 1802; x_wconf 90' lang='lat' dir='ltr'><em>arbitria</em></span> <span class='ocrx_word' id='word_1_157' title='bbox 464 1753 559 1802; x_wconf 87' lang='lat' dir='ltr'><em>uictori</em></span> <span class='ocrx_word' id='word_1_158' title='bbox 575 1753 735 1816; x_wconf 87' lang='lat' dir='ltr'><em>permittere.</em></span> <span class='ocrx_word' id='word_1_159' title='bbox 765 1748 833 1801; x_wconf 89' lang='lat' dir='ltr'><em>Tum</em></span> <span class='ocrx_word' id='word_1_160' title='bbox 849 1766 901 1820; x_wconf 90' lang='lat' dir='ltr'><em>spe</em></span> 
     </span>
     <span class='ocr_line' id='line_1_23' title="bbox 88 1821 901 1895; baseline 0.002 -19"><span class='ocrx_word' id='word_1_161' title='bbox 88 1823 161 1894; x_wconf 88' lang='lat' dir='ltr'><em>pacis</em></span> <span class='ocrx_word' id='word_1_162' title='bbox 172 1823 268 1876; x_wconf 89' lang='lat' dir='ltr'><em>amissa</em></span> <span class='ocrx_word' id='word_1_163' title='bbox 278 1822 378 1876; x_wconf 89' lang='lat' dir='ltr'><em>bellum</em></span> <span class='ocrx_word' id='word_1_164' title='bbox 388 1822 482 1876; x_wconf 90' lang='lat' dir='ltr'><em>Darius</em></span> <span class='ocrx_word' id='word_1_165' title='bbox 493 1829 607 1893; x_wconf 89' lang='lat' dir='ltr'><em>reparat;</em></span> <span class='ocrx_word' id='word_1_166' title='bbox 620 1839 682 1876; x_wconf 89' lang='lat' dir='ltr'><em>eum</em></span> <span class='ocrx_word' id='word_1_167' title='bbox 692 1821 901 1895; x_wconf 83' lang='lat' dir='ltr'><em>quadringentis</em></span> 
     </span>
     <span class='ocr_line' id='line_1_24' title="bbox 89 1894 897 1970; baseline 0.002 -19"><span class='ocrx_word' id='word_1_168' title='bbox 89 1894 210 1951; x_wconf 86' lang='lat' dir='ltr'><em>millibus</em></span> <span class='ocrx_word' id='word_1_169' title='bbox 223 1896 343 1967; x_wconf 89' lang='lat' dir='ltr'><em>peditum</em></span> <span class='ocrx_word' id='word_1_170' title='bbox 356 1904 381 1949; x_wconf 92' lang='lat' dir='ltr'><em>et</em></span> <span class='ocrx_word' id='word_1_171' title='bbox 395 1904 501 1950; x_wconf 88' lang='lat' dir='ltr'><em>eentum</em></span> <span class='ocrx_word' id='word_1_172' title='bbox 517 1897 638 1952; x_wconf 88' lang='lat' dir='ltr'><em>millibus</em></span> <span class='ocrx_word' id='word_1_173' title='bbox 652 1897 773 1970; x_wconf 91' lang='lat' dir='ltr'><em>equitum</em></span> <span class='ocrx_word' id='word_1_174' title='bbox 787 1899 897 1953; x_wconf 89' lang='lat' dir='ltr'><em>obviam</em></span> 
     </span>
     <span class='ocr_line' id='line_1_25' title="bbox 89 1970 901 2028; baseline 0.001 -1"><span class='ocrx_word' id='word_1_175' title='bbox 89 1971 162 2027; x_wconf 87' lang='lat' dir='ltr'><em>vadit</em></span> <span class='ocrx_word' id='word_1_176' title='bbox 174 1970 331 2026; x_wconf 85' lang='lat' dir='ltr'><em>Alexandro.</em></span> <span class='ocrx_word' id='word_1_177' title='bbox 361 1973 391 2025; x_wconf 90' lang='lat' dir='ltr'><em>ln</em></span> <span class='ocrx_word' id='word_1_178' title='bbox 408 1971 501 2025; x_wconf 88' lang='lat' dir='ltr'><em>itinere</em></span> <span class='ocrx_word' id='word_1_179' title='bbox 515 1973 653 2026; x_wconf 90' lang='lat' dir='ltr'><em>nuntiatur</em></span> <span class='ocrx_word' id='word_1_180' title='bbox 666 1991 777 2028; x_wconf 79' lang='lat' dir='ltr'><em>urorum</em></span> <span class='ocrx_word' id='word_1_181' title='bbox 791 1979 848 2028; x_wconf 86' lang='lat' dir='ltr'><em>eius</em></span> <span class='ocrx_word' id='word_1_182' title='bbox 864 1991 901 2028; x_wconf 75' lang='lat' dir='ltr'><em>ea</em></span> 
     </span>
     <span class='ocr_line' id='line_1_26' title="bbox 90 2050 903 2116; baseline 0 -14"><span class='ocrx_word' id='word_1_183' title='bbox 90 2051 222 2102; x_wconf 87' lang='lat' dir='ltr'><em>collisione</em></span> <span class='ocrx_word' id='word_1_184' title='bbox 236 2050 330 2101; x_wconf 88' lang='lat' dir='ltr'><em>abiecti</em></span> <span class='ocrx_word' id='word_1_185' title='bbox 336 2056 431 2114; x_wconf 89' lang='lat' dir='ltr'><em>partus</em></span> <span class='ocrx_word' id='word_1_186' title='bbox 440 2050 585 2110; x_wconf 82' lang='lat' dir='ltr'><em>decessisse,</em></span> <span class='ocrx_word' id='word_1_187' title='bbox 602 2053 707 2116; x_wconf 86' lang='lat' dir='ltr'><em>eiusque</em></span> <span class='ocrx_word' id='word_1_188' title='bbox 716 2057 823 2102; x_wconf 91' lang='lat' dir='ltr'><em>mortem</em></span> <span class='ocrx_word' id='word_1_189' title='bbox 833 2051 903 2102; x_wconf 88' lang='lat' dir='ltr'><em>iltu-</em></span> 
     </span>
     <span class='ocr_line' id='line_1_27' title="bbox 90 2121 903 2191; baseline -0.004 -12"><span class='ocrx_word' id='word_1_190' title='bbox 90 2128 229 2179; x_wconf 88' lang='lat' dir='ltr'><em>crimatum</em></span> <span class='ocrx_word' id='word_1_191' title='bbox 248 2121 428 2178; x_wconf 80' lang='lat' dir='ltr'><em>Aleuaadrum</em></span> <span class='ocrx_word' id='word_1_192' title='bbox 446 2127 633 2190; x_wconf 76' lang='lat' dir='ltr'><em>exsequiasque</em></span> <span class='ocrx_word' id='word_1_193' title='bbox 652 2126 757 2191; x_wconf 84' lang='lat' dir='ltr'><em>benique</em></span> <span class='ocrx_word' id='word_1_194' title='bbox 769 2139 903 2190; x_wconf 85' lang='lat' dir='ltr'><em>prosecu-</em></span> 
     </span>
     <span class='ocr_line' id='line_1_28' title="bbox 90 2193 903 2267; baseline 0 -15"><span class='ocrx_word' id='word_1_195' title='bbox 90 2208 151 2262; x_wconf 90' lang='lat' dir='ltr'><em>tum,</em></span> <span class='ocrx_word' id='word_1_196' title='bbox 160 2204 237 2267; x_wconf 86' lang='lat' dir='ltr'><em>idque</em></span> <span class='ocrx_word' id='word_1_197' title='bbox 247 2216 305 2252; x_wconf 89' lang='lat' dir='ltr'><em>eum</em></span> <span class='ocrx_word' id='word_1_198' title='bbox 314 2216 366 2252; x_wconf 90' lang='lat' dir='ltr'><em>nan</em></span> <span class='ocrx_word' id='word_1_199' title='bbox 375 2202 480 2260; x_wconf 79' lang='lat' dir='ltr'><em>anemis,</em></span> <span class='ocrx_word' id='word_1_200' title='bbox 492 2201 536 2250; x_wconf 87' lang='lat' dir='ltr'><em>sed</em></span> <span class='ocrx_word' id='word_1_201' title='bbox 546 2200 717 2252; x_wconf 83' lang='lat' dir='ltr'><em>humanitatis</em></span> <span class='ocrx_word' id='word_1_202' title='bbox 727 2193 808 2252; x_wconf 87' lang='lat' dir='ltr'><em>causa</em></span> <span class='ocrx_word' id='word_1_203' title='bbox 817 2203 903 2266; x_wconf 56' lang='lat' dir='ltr'><em>fecis</em></span> 
     </span>
     <span class='ocr_line' id='line_1_29' title="bbox 89 2269 901 2340; baseline 0.001 -15"><span class='ocrx_word' id='word_1_204' title='bbox 89 2291 123 2326; x_wconf 88' lang='lat' dir='ltr'><em>se.</em></span> <span class='ocrx_word' id='word_1_205' title='bbox 144 2273 213 2326; x_wconf 89' lang='lat' dir='ltr'><em>Num</em></span> <span class='ocrx_word' id='word_1_206' title='bbox 226 2277 303 2326; x_wconf 86' lang='lat' dir='ltr'><em>semei</em></span> <span class='ocrx_word' id='word_1_207' title='bbox 313 2282 412 2328; x_wconf 89' lang='lat' dir='ltr'><em>tautum</em></span> <span class='ocrx_word' id='word_1_208' title='bbox 422 2289 479 2326; x_wconf 91' lang='lat' dir='ltr'><em>eam</em></span> <span class='ocrx_word' id='word_1_209' title='bbox 487 2269 639 2325; x_wconf 71' lang='lat' dir='ltr'><em>Alexandro</em></span> <span class='ocrx_word' id='word_1_210' title='bbox 648 2276 731 2325; x_wconf 89' lang='lat' dir='ltr'><em>uisam</em></span> <span class='ocrx_word' id='word_1_211' title='bbox 742 2289 803 2334; x_wconf 86' lang='lat' dir='ltr'><em>esse,</em></span> <span class='ocrx_word' id='word_1_212' title='bbox 816 2289 901 2340; x_wconf 86' lang='lat' dir='ltr'><em>quum</em></span> 
     </span>
     <span class='ocr_line' id='line_1_30' title="bbox 88 2349 898 2420; baseline 0.005 -24"><span class='ocrx_word' id='word_1_213' title='bbox 88 2353 198 2398; x_wconf 88' lang='lat' dir='ltr'><em>matrem</em></span> <span class='ocrx_word' id='word_1_214' title='bbox 212 2349 331 2416; x_wconf 78' lang='lat' dir='ltr'><em>filiusque</em></span> <span class='ocrx_word' id='word_1_215' title='bbox 341 2351 397 2400; x_wconf 87' lang='lat' dir='ltr'><em>eius</em></span> <span class='ocrx_word' id='word_1_216' title='bbox 408 2349 537 2412; x_wconf 83' lang='lat' dir='ltr'><em>parvulas</em></span> <span class='ocrx_word' id='word_1_217' title='bbox 545 2351 694 2420; x_wconf 74' lang='lat' dir='ltr'><em>[requenter</em></span> <span class='ocrx_word' id='word_1_218' title='bbox 703 2349 898 2400; x_wconf 88' lang='lat' dir='ltr'><em>consolaretur.</em></span> 
     </span>
     <span class='ocr_line' id='line_1_31' title="bbox 88 2418 903 2491; baseline 0.011 -24"><span class='ocrx_word' id='word_1_219' title='bbox 88 2418 164 2469; x_wconf 88' lang='lat' dir='ltr'><em>Tune</em></span> <span class='ocrx_word' id='word_1_220' title='bbox 174 2433 202 2469; x_wconf 88' lang='lat' dir='ltr'><em>se</em></span> <span class='ocrx_word' id='word_1_221' title='bbox 216 2425 288 2472; x_wconf 88' lang='lat' dir='ltr'><em>ratus</em></span> <span class='ocrx_word' id='word_1_222' title='bbox 297 2437 357 2472; x_wconf 88' lang='lat' dir='ltr'><em>vere</em></span> <span class='ocrx_word' id='word_1_223' title='bbox 369 2419 479 2483; x_wconf 86' lang='lat' dir='ltr'><em>victum,</em></span> <span class='ocrx_word' id='word_1_224' title='bbox 492 2437 578 2490; x_wconf 89' lang='lat' dir='ltr'><em>quum</em></span> <span class='ocrx_word' id='word_1_225' title='bbox 588 2427 646 2490; x_wconf 88' lang='lat' dir='ltr'><em>post</em></span> <span class='ocrx_word' id='word_1_226' title='bbox 658 2427 695 2473; x_wconf 89' lang='lat' dir='ltr'><em>tot</em></span> <span class='ocrx_word' id='word_1_227' title='bbox 707 2420 805 2491; x_wconf 87' lang='lat' dir='ltr'><em>proelia</em></span> <span class='ocrx_word' id='word_1_228' title='bbox 815 2420 903 2476; x_wconf 85' lang='lat' dir='ltr'><em>etiam</em></span> 
     </span>
    </p>
   </div>
   <div class='ocr_carea' id='block_1_9' title="bbox 88 2489 989 2718">
    <p class='ocr_par' dir='ltr' id='par_1_9' title="bbox 88 2489 989 2718">
     <span class='ocr_line' id='line_1_32' title="bbox 88 2489 904 2572; baseline 0.012 -31"><span class='ocrx_word' id='word_1_229' title='bbox 88 2489 223 2572; x_wconf 80' lang='lat' dir='ltr'><em>beneficiis</em></span> <span class='ocrx_word' id='word_1_230' title='bbox 237 2492 270 2543; x_wconf 90' lang='lat' dir='ltr'><em>ab</em></span> <span class='ocrx_word' id='word_1_231' title='bbox 284 2493 357 2546; x_wconf 86' lang='lat' dir='ltr'><em>hoste</em></span> <span class='ocrx_word' id='word_1_232' title='bbox 370 2501 544 2562; x_wconf 85' lang='lat' dir='ltr'><em>superaretur,</em></span> <span class='ocrx_word' id='word_1_233' title='bbox 560 2500 720 2566; x_wconf 83' lang='lat' dir='ltr'><em>gratumque</em></span> <span class='ocrx_word' id='word_1_234' title='bbox 730 2495 782 2549; x_wconf 90' lang='lat' dir='ltr'><em>sibi</em></span> <span class='ocrx_word' id='word_1_235' title='bbox 792 2511 861 2557; x_wconf 84' lang='lat' dir='ltr'><em>esse,</em></span> <span class='ocrx_word' id='word_1_236' title='bbox 875 2497 904 2551; x_wconf 83' lang='lat' dir='ltr'><em>si</em></span> 
     </span>
     <span class='ocr_line' id='line_1_33' title="bbox 89 2566 989 2638; baseline 0.018 -26"><span class='ocrx_word' id='word_1_237' title='bbox 89 2579 194 2615; x_wconf 80' lang='lat' dir='ltr'><em>vincere</em></span> <span class='ocrx_word' id='word_1_238' title='bbox 213 2572 338 2632; x_wconf 83' lang='lat' dir='ltr'><em>nequeat,</em></span> <span class='ocrx_word' id='word_1_239' title='bbox 361 2566 434 2634; x_wconf 90' lang='lat' dir='ltr'><em>quod</em></span> <span class='ocrx_word' id='word_1_240' title='bbox 455 2586 470 2620; x_wconf 89' lang='lat' dir='ltr'><em>a</em></span> <span class='ocrx_word' id='word_1_241' title='bbox 490 2567 535 2621; x_wconf 88' lang='lat' dir='ltr'><em>lali</em></span> <span class='ocrx_word' id='word_1_242' title='bbox 549 2568 718 2638; x_wconf 89' lang='lat' dir='ltr'><em>potissimum</em></span> <span class='ocrx_word' id='word_1_243' title='bbox 734 2570 903 2626; x_wconf 85' lang='lat' dir='ltr'><em>vinceretur.</em></span> <span class='ocrx_word' id='word_1_244' title='bbox 988 2577 989 2584; x_wconf 76' lang='grc'>’</span> 
     </span>
     <span class='ocr_line' id='line_1_34' title="bbox 89 2630 904 2718; baseline 0.021 -35"><span class='ocrx_word' id='word_1_245' title='bbox 89 2630 184 2688; x_wconf 84' lang='lat' dir='ltr'><em>Scribit</em></span> <span class='ocrx_word' id='word_1_246' title='bbox 200 2637 287 2705; x_wconf 87' lang='lat' dir='ltr'><em>itaque</em></span> <span class='ocrx_word' id='word_1_247' title='bbox 302 2645 326 2690; x_wconf 90' lang='lat' dir='ltr'><em>et</em></span> <span class='ocrx_word' id='word_1_248' title='bbox 340 2639 427 2692; x_wconf 89' lang='lat' dir='ltr'><em>tertias</em></span> <span class='ocrx_word' id='word_1_249' title='bbox 442 2641 564 2710; x_wconf 88' lang='lat' dir='ltr'><em>epistolas</em></span> <span class='ocrx_word' id='word_1_250' title='bbox 579 2650 604 2696; x_wconf 91' lang='lat' dir='ltr'><em>et</em></span> <span class='ocrx_word' id='word_1_251' title='bbox 617 2644 714 2715; x_wconf 83' lang='lat' dir='ltr'><em>gratias</em></span> <span class='ocrx_word' id='word_1_252' title='bbox 730 2645 798 2718; x_wconf 77' lang='lat' dir='ltr'><em>agit,</em></span> <span class='ocrx_word' id='word_1_253' title='bbox 821 2645 904 2715; x_wconf 87' lang='lat' dir='ltr'><em>quod</em></span> 
     </span>
    </p>
   </div>
   <div class='ocr_carea' id='block_1_10' title="bbox 0 0 999 3010">
    <p class='ocr_par' dir='ltr' id='par_1_10' title="bbox 0 0 999 3010">
     <span class='ocr_line' id='line_1_35' title="bbox 0 0 999 3010; baseline 0 0"><span class='ocrx_word' id='word_1_254' title='bbox 0 0 999 3010; x_wconf 95' lang='lat' dir='ltr'><em> </em></span> 
     </span>
    </p>
   </div>
  </div>
 </body>
</html>
