1998 3006
104 204 153 258 462
349 174 482 252 russin
499 206 654 254 russos.

101 308 178 362 danis
190 305 360 360 multitudine
370 307 556 377 superantibus
566 307 709 380 Dionysius
719 307 835 380 pellitur.
857 309 914 376 Qui

101 399 186 454 qritrm
200 380 365 434 obsidionem
379 381 446 434 arcis
462 381 571 442 timeret,
587 384 731 436 cumomni
742 383 814 456 regio
825 401 912 454 appa-

101 465 157 510 ratu
179 456 206 508 in
227 455 328 509 ltaliam
347 455 464 528 profugit
474 457 577 510 tacitus.
606 457 690 512 Exsul
703 476 718 512 a
730 458 912 514 Locrensibus

101 531 179 584 sociis
198 539 331 601 exceptus,
355 530 427 585 velut
445 531 504 584 iura
521 540 649 604 regnaret,
674 549 758 586 arcem
781 541 907 603 occupat,

102 605 261 676 solitamque
271 605 323 660 sibi
333 606 469 661 saevitiam
479 613 589 660 exercet.
612 605 743 680 Coniuges
753 607 911 677 principum

102 680 136 734 ad
150 691 274 751 stuprum
289 681 346 752 rapi
357 681 475 748 iubebat,
498 681 615 754 virgines
630 691 690 735 anta
704 682 810 751 nuptias
820 682 912 736 abdu-

102 756 189 820 cebat,
211 765 395 828 stupratasque
409 755 513 828 sponsis
528 755 663 822 reddebat,
686 755 913 827 locupletissimos

102 849 225 902 quosque
234 833 392 886 autcivitata
401 831 512 902 pellebat
522 831 912 903 autoccidiimperabat,bona-

70 905 71 914 ’
102 924 155 978 que
165 924 256 962 eorum
267 907 415 960 invadebat.

158 981 226 1035 Car.
234 981 349 1034 lll.Dein
360 999 445 1052 quum
456 981 563 1051 rapinae
571 981 672 1035 occasio
680 979 914 1046 deesset,univer·-

103 1069 159 1110 sam
180 1056 311 1109 civitatem
331 1055 426 1110 oallido
442 1064 589 1110 commento
604 1055 786 1110 circumvenit.
815 1054 915 1120 Quum

103 1130 283 1202 Rheginorum
295 1127 406 1202 tyranni
408 1131 569 1201 Leophronis
581 1130 793 1186 belloLocrenses
804 1147 917 1200 preme-

102 1213 202 1268 rentur,
216 1212 350 1268 voverant,
366 1205 389 1258 si
401 1207 509 1259 victores
524 1205 616 1269 forent,
627 1215 657 1259 ut
667 1206 709 1258 die
723 1204 787 1258 festo
797 1205 919 1260 Veneris

103 1279 220 1351 virgines
230 1295 292 1332 suas
302 1280 496 1351 prostituerent.
525 1279 582 1346 Quo
592 1287 652 1334 voto
662 1280 811 1334 intermiso
819 1296 918 1350 quum

103 1355 212 1408 adversa
226 1353 293 1407 bella
307 1371 368 1408 cum
383 1355 498 1408 Lucanis
511 1362 637 1427 gererent,
655 1356 682 1408 in
697 1355 849 1409 concionem
863 1371 920 1409 eos

102 1429 247 1503 Dionysius
263 1438 350 1483 vocat:
376 1429 502 1493 bortatur,
518 1438 548 1482 ut
562 1447 660 1484 canores
672 1434 791 1500 filiusque
803 1447 869 1482 suas
881 1434 919 1486 in

105 1508 227 1572 ternplum
246 1505 350 1558 Veneris
370 1521 448 1573 quom
465 1509 566 1572 possint
584 1509 767 1559 ornatissimas
785 1508 919 1560 mittant:

104 1598 138 1634 cc
154 1584 246 1648 quitur
260 1589 328 1633 sorte
342 1584 435 1633 ductor
447 1587 548 1633 centum
564 1588 622 1632 voto
634 1582 738 1647 publico
751 1584 917 1648 souqoatur,

102 1658 383 1724 rettpionirqueprotta
392 1671 444 1707 uno
453 1663 520 1707 stent
530 1658 557 1707 in
566 1657 691 1722 lupanari
699 1671 782 1708 amiso
792 1657 922 1710 manibus

103 1735 268 1783 calcitrantis
278 1734 353 1792 ciris,
366 1746 397 1782 ne
408 1746 466 1798 quta
474 1732 556 1782 uttam
566 1734 711 1784 attaminet.
744 1729 870 1794 Quaeres
879 1746 922 1784 ne

103 1807 249 1872 cirpint'bus
258 1811 317 1858 voto
328 1808 457 1857 ciuitatem
466 1807 622 1857 solventibus
629 1808 721 1873 frondi
731 1812 803 1866 esset,
818 1807 922 1857 datre-

105 1887 158 1930 tcm
177 1883 307 1946 [urerent.-
327 1877 366 1932 Ne
387 1896 439 1946 quo
457 1883 532 1947 sirpo
553 1882 666 1942 nubaei,
675 1882 832 1947 priusquam
847 1881 922 1932 illae

103 1956 208 2005 maritis
218 1955 392 2006 tractarentur.
407 1952 516 2006 Probata
522 1952 639 2017 oonsilio,
648 1961 735 2023 quoet
744 1953 919 2022 superstitio-

104 2027 133 2080 ni
143 2034 167 2080 et
176 2026 317 2098 pudicitiae
328 2027 463 2102 virginum
473 2027 666 2091 consulebatur,
688 2027 805 2085 certatim
816 2044 920 2082 omnes

103 2101 217 2156 feminae
231 2102 378 2174 impensius
393 2110 531 2156 exornatae
545 2102 572 2156 in
587 2101 715 2173 templum
728 2102 837 2156 Veneris
847 2119 921 2157 con-

104 2178 229 2233 veniunt:
261 2195 329 2250 quas
352 2195 444 2232 omnes
463 2177 606 2250 Dionysius
628 2176 757 2230 immissis
777 2176 922 2232 militibus

104 2253 207 2322 spoliat,
230 2260 436 2325 ornamentaque
455 2259 634 2306 matronarum
650 2251 677 2306 in
691 2251 816 2322 praedam
832 2269 919 2308 suam

105 2328 190 2380 vertit.
220 2327 401 2392 Quorumdam
414 2327 483 2382 viros
498 2326 605 2380 ditiores
619 2326 754 2386 interficit
776 2326 917 2398 quasdam

105 2399 138 2451 ad
148 2400 295 2468 prodendas
306 2403 423 2456 virorum
434 2401 559 2472 pecunias
571 2408 681 2473 torquet.
712 2401 801 2466 Quum
813 2400 856 2454 his
867 2419 919 2456 ar-

105 2472 177 2525 tibus
191 2489 238 2542 per
250 2492 333 2530 annos
348 2495 395 2530 sex
406 2484 547 2548 regnasset,
564 2476 755 2546 conspiratione
764 2477 915 2532 Locrorum

105 2543 209 2625 civitate
218 2547 322 2615 pulsus,
341 2550 368 2603 in
383 2550 500 2604 Siciliam
514 2549 587 2604 redit.
617 2551 657 2604 lbi
668 2550 822 2624 Syracusas,
835 2568 917 2606 secu-

105 2631 142 2666 rrs
151 2620 276 2670 omnibus
287 2631 345 2688 post
356 2622 461 2696 longam
472 2625 692 2697 intercapedinem
701 2623 784 2698 pacis,
790 2641 840 2697 por
849 2643 918 2698 pro-

105 2683 231 2740 ditionem
241 2694 345 2762 recepit.
