2016 3028
152 182 202 236 260
384 186 533 234 IUSTINI
555 185 712 230 HISTOR.

152 293 266 360 cuperet,
280 285 431 340 denuntiata
444 286 539 341 militia
553 286 580 340 in
591 285 700 340 Colchos
715 301 777 338 eum
788 285 862 339 abire
871 285 947 348 iubet,
998 281 999 284 ’

151 361 312 435 pellemque.
326 361 412 415 arietis
439 359 636 417 memorabilem
659 359 783 434 gentibus
806 369 947 432 reportare3
998 383 999 386 ¹

152 455 261 508 sperans
270 436 404 491 interitum
417 436 469 491 uiri
479 443 524 491 aut
533 453 566 491 ex
575 435 699 507 periculis
709 442 761 488 tam
775 434 870 508 longae
879 437 951 490 navi-
998 449 999 452 ’

80 531 82 538 ·
151 511 274 586 gationis,
290 518 335 566 aut
349 529 382 565 ex
396 509 465 566 bello
475 519 528 566 tam
537 509 683 582 pmfundae
691 509 836 564 barbariae.
870 511 951 584 Igitur
998 527 999 572 3

152 588 229 641 lason
253 584 388 659 divulgata
406 586 530 658 opinione
550 595 603 640 tam
620 585 748 660 gloriosae
767 586 949 656 expeditionis,
998 599 999 604 ’

153 679 239 733 quum
250 661 354 715 adeum
364 661 480 715 certatim
490 661 622 733 principes
634 660 779 715 iuventutis
788 660 866 714 totius
872 659 952 715 ferme

152 737 224 792 orbis
244 745 434 802 concurrerent,
450 737 593 793 exercitum
605 735 807 791 fortissimorum
822 736 950 798 virorum,
998 739 999 790 l

153 813 202 884 qui
218 811 383 885 Argonautae
398 811 574 884 cognominati
589 818 660 876 sunt,
677 810 850 881 comparavit:
872 828 952 884 quem
998 809 999 832 ³

153 904 238 958 quum
251 886 356 960 magnis
370 887 449 940 rebus
462 887 542 960 gestis
551 885 711 941 incolumem
725 885 882 950 reduxisset,
894 903 952 940 rur-

153 959 952 1036 susaPeliaeiiliisThessaliapulsus‚[magnavi]cumingen-

153 1037 173 1090 ti
183 1035 361 1101 multitudine,
373 1053 441 1107 quae
451 1035 485 1091 ad
494 1034 592 1091 famam
602 1035 706 1090 virtutis
715 1035 773 1089 eius
782 1052 816 1090 ex
827 1036 952 1090 omnibus

152 1109 953 1184 gentihusquotidiemnlluebat,oomitellledeauxorequam

152 1183 315 1256 repudiatam
326 1185 491 1240 miseratione
502 1185 589 1240 exsilii
600 1202 705 1240 rursum
715 1193 852 1256 receperat,
865 1193 891 1240 et
900 1185 955 1241 ille-

152 1259 211 1322 dio,
231 1258 354 1331 privigno
373 1259 407 1314 ab
426 1259 522 1334 Aegeo,
544 1277 604 1334 rege
620 1259 829 1325 Atheniensium,
852 1261 952 1334 genito,

153 1333 263 1390 Golchos
274 1333 401 1406 repetivit,
408 1351 580 1407 socerumque
590 1334 694 1390 Aeetam
705 1351 785 1408 regno
794 1333 907 1408 pulsum
915 1353 955 1389 re-

153 1409 245 1464 stituit.

209 1484 287 1543 cin,
299 1484 345 1538 111.
365 1484 459 1558 Magna
472 1483 567 1538 deinde
576 1482 715 1538 bellacum
725 1483 844 1539 finitimis
856 1487 951 1558 gessit3

153 1567 295 1631 captasque
314 1559 430 1613 oiv'itates
451 1559 547 1630 partim
560 1575 641 1632 regno
655 1559 737 1614 soceri
750 1559 783 1614 ad
797 1557 956 1615 abolendam
998 1547 999 1568 ¹

153 1634 296 1706 superioris
306 1632 415 1688 militiae
429 1633 563 1698 iniuriam,
576 1651 629 1705 qua
641 1641 667 1688 et
677 1633 759 1688 filiam
768 1633 827 1689 eius
834 1635 957 1690 Medeam
998 1659 999 1688 i

154 1709 307 1773 abduxerat,
323 1715 348 1762 et
365 1707 451 1763 filium
464 1708 618 1782 Aegialeum
631 1707 798 1774 interfecerat,
815 1709 954 1778 adiunxit3
998 1731 999 1772 t

154 1785 249 1855 partim
260 1782 374 1854 populis,
384 1800 452 1855 quos
462 1800 551 1838 secum
562 1782 714 1848 adduxerat,
722 1783 884 1858 adsignavit:
900 1785 958 1856 pri·
998 1795 999 1844 i

154 1874 269 1928 musque
287 1858 467 1912 humanorum
486 1867 545 1930 post
564 1857 700 1913 Herculem
719 1870 744 1912 et
758 1859 894 1925 Liberum,
907 1861 956 1932 qui

154 1950 229 2006 reges
247 1931 360 1986 Orientis
380 1931 462 1987 luisse
480 1933 627 1999 traduntur,
642 1951 698 1988 eam
712 1932 776 1988 coeli
785 1933 891 2007 plagam
908 1935 958 1989 do-

155 2007 255 2062 muisse
268 2005 372 2061 dicitur.
401 2007 510 2080 Populis
522 2008 684 2081 quibusdam
697 2009 791 2062 liccam
804 2016 830 2063 et
842 2009 959 2081 Amphi-

155 2090 275 2148 stratum,
292 2082 397 2156 aurigas
407 2081 521 2138 Castoris
531 2091 556 2138 et
565 2083 688 2149 Pollucir,
702 2083 782 2138 duces
793 2083 957 2157 adsignavit.

155 2158 224 2215 Cum
239 2157 348 2213 Albanis
361 2156 453 2212 foedus
467 2159 607 2231 percussit:
629 2159 677 2231 qui
689 2157 824 2213 Herculem
839 2176 872 2213 ex
881 2157 959 2212 ltalia

156 2233 190 2288 ab
200 2231 301 2287 Albano
311 2240 407 2298 monte,
415 2234 627 2308 quumGaryone
636 2234 762 2288 exstincto
771 2241 887 2288 armenta
897 2232 959 2287 eius

155 2323 202 2378 per
215 2306 317 2362 ltaliam
329 2308 442 2373 duceret,
459 2309 541 2364 secuti
555 2309 691 2376 dicuntur;
713 2309 815 2380 quique
826 2324 958 2363 memores

124 2451 126 2460 Ι
155 2379 259 2435 italicae
267 2382 378 2454 originis
388 2383 584 2440 exercituan.
595 2383 712 2456 Pompeii
720 2381 789 2439 bello
798 2381 959 2438 Mithridati-

155 2470 186 2508 oo
197 2459 296 2522 fratrea
308 2453 463 2512 salutavere.
492 2460 583 2531 ltaque
592 2459 677 2514 lasum
690 2465 759 2513 totns
771 2456 853 2513 ferme
861 2457 958 2512 Oriens

156 2533 187 2579 ut
195 2526 323 2582 conditori
331 2527 436 2584 divinos
446 2531 558 2588 honores
567 2533 717 2605 templaque
726 2533 871 2588 constituit:
887 2549 959 2604 quae
998 2565 999 2592 r

155 2597 301 2684 Parmenio,
318 2599 374 2656 dux
385 2601 529 2685 alexandri
537 2607 636 2680 Magni,
647 2617 706 2679 post
715 2606 812 2663 multoe
821 2623 905 2662 annos
914 2605 961 2660 di·
998 2599 999 2664 ἶ

156 2683 198 2720 rur
208 2679 293 2736 ruant,
308 2689 342 2726 ne
351 2691 510 2734 curtiauuam
521 2697 617 2736 nomen
628 2682 655 2754 in
664 2681 769 2738 Oriente
779 2679 960 2752 venerabilius
