1998 3006
285 228 358 274 urs.
373 199 448 274 ¹run.
480 231 558 276 oua.
579 231 603 276 r.
624 230 648 277 o.
682 224 688 236 '
822 225 869 276 raa

13 389 14 400 γ
120 325 190 383 Cra.
210 328 255 382 IV.
277 330 346 382 Dum
356 329 458 383 haecin
472 329 559 384 Sicilia
569 337 707 403 geruntur,
723 329 827 384 interim
842 330 869 384 in

13 467 14 478 γ
71 399 151 456 Africa
171 403 293 473 princeps
315 403 573 478 Carthaginiensium
598 407 691 460 Hanno
713 418 775 474 opes
794 422 867 469 suas,

13 483 15 540 ῥ
71 478 166 548 quibus
177 477 246 530 vires
256 478 416 549 reipublicae
425 479 574 550 superabat,
587 480 620 533 ad
631 479 809 550 occupandam
823 479 870 533 do-

70 553 236 606 minationem
247 553 366 618 intendit,
378 571 544 626 regnumque
555 555 677 608 invadere
688 553 819 608 interfecto
829 572 871 608 se-

70 635 128 680 natu
138 630 246 680 coriatus
255 638 306 681 est:
320 627 370 682 Cui
380 629 470 682 sceleri
481 630 624 684 solemnem
636 629 788 700 nuptiarum
799 628 870 682 diem

68 701 134 756 filiae
145 719 209 755 suae
219 701 290 774 legit,
302 711 331 756 nt
343 703 467 777 religione
478 713 598 758 votorum
614 703 725 758 nefanda
735 705 870 758 commen-

67 783 88 830 ta
108 775 213 831 facilius
233 785 388 850 tegerentur.
419 780 510 850 ltaque
523 777 593 849 plebi
604 776 695 848 epulas
710 777 737 830 in
754 777 869 847 publicis

65 852 332 922 porticibus,=seuatui
343 853 370 908 in
381 853 460 908 domo
469 870 517 907 sua
526 859 647 924 peretot
657 850 758 922 poculis
769 869 870 906 veneno

65 927 165 982 iniectis
185 930 309 983 secretius
330 938 450 982 senatum
469 939 494 984 et
514 931 571 982 sine
584 929 689 982 arbitris
704 927 868 990 interficeret,

64 999 209 1068 orbamque
219 999 409 1070 rempublicam
423 999 525 1054 facilius
536 1001 677 1054 invaderet.
706 1000 763 1066 Qua
775 1018 802 1053 re
812 1017 870 1054 ma-

13 1081 14 1084 ’
64 1073 217 1145 gistratibus
228 1091 273 1144 per
283 1075 418 1128 ministros
428 1073 867 1145 prodita,scelusdeclinatum,non
902 1081 904 1084 ’

13 1203 15 1210 ,
64 1148 226 1224 vindicatum
237 1156 284 1213 est,
301 1166 333 1202 ne
344 1150 371 1203 in
381 1149 438 1204 viro
448 1159 500 1204 tam
512 1149 609 1221 potenti
619 1149 681 1220 plus
692 1150 788 1222 negotii
799 1149 867 1204 lare-

62 1231 99 1276 ret
113 1236 157 1276 res
163 1223 274 1296 cognita
285 1241 366 1294 quarn
378 1225 498 1296 cogitata.
529 1225 647 1279 Contenti
658 1225 867 1296 itaquecohibu-

61 1297 122 1363 isso,
135 1297 237 1351 decreto
246 1298 355 1352 modum
367 1299 520 1370 nuptiarum
529 1299 663 1354 sumtibus
674 1307 804 1374 statuunt3
826 1301 867 1354 id-

60 1390 113 1444 que
126 1373 262 1426 observari
277 1389 329 1427 non
344 1373 377 1428 ab
392 1391 456 1438 uno,
470 1373 516 1427 sed
530 1374 562 1427 ab
573 1373 705 1428 universis
720 1375 819 1437 iubent,
835 1392 867 1428 ne

58 1464 172 1518 persona
187 1446 336 1519 designata,
354 1465 406 1503 non
422 1448 484 1503 vitia
499 1456 609 1502 correcta
621 1448 782 1502 viderentur.
813 1450 867 1502 Hoc

58 1521 170 1576 consilio
183 1530 340 1592 praeventus
355 1522 449 1576 iterum
460 1522 570 1576 rseruitia
583 1523 702 1586 concitat,
717 1529 866 1593 statutaque

57 1615 155 1652 rursus
167 1596 287 1650 caedium
302 1596 353 1661 die,
370 1615 456 1669 quum
469 1597 556 1651 denuo
569 1613 597 1649 se
609 1597 743 1666 proditum
756 1596 863 1664 videret,

56 1673 157 1726 timens
173 1671 301 1725 iudicium
316 1673 450 1749 mpnitum
461 1670 595 1742 quoddam
604 1670 740 1724 castellum
752 1687 812 1724 cum
824 1673 866 1724 vi-

54 1747 124 1821 ginti
136 1745 259 1800 millibus
269 1763 406 1800 servorum
417 1747 524 1801 armatis
533 1752 651 1816 occupat.
667 1746 707 1799 lbi
718 1745 782 1799 dum
788 1745 865 1800 Afros

54 1836 202 1896 regemque
207 1822 360 1876 Maurorum
371 1823 489 1886 concitat,
497 1821 607 1891 capitur,
615 1820 752 1893 virgisque
760 1838 862 1887 caesuS,

53 1896 160 1950 effossis
173 1895 266 1960 oculis,
278 1903 304 1950 et
316 1897 441 1951 manibus
456 1895 633 1967 cruribusque
647 1895 743 1959 fractis,
762 1896 835 1952 velut
849 1915 864 1952 a

51 1970 174 2044 singulis
188 1971 315 2024 membris
328 1989 427 2042 poenae
439 1972 614 2044 exigerentur,
629 1971 656 2025 in
665 1979 806 2042 conspectu
816 1989 864 2043 pc-

50 2045 112 2118 puli
131 2045 273 2113 occiditurr,
300 2061 395 2119 corpus
412 2046 566 2100 verberibus
585 2045 700 2100 lacerum
715 2047 743 2100 in
758 2065 863 2101 crucem

51 2123 156 2194 figitur.
177 2119 239 2174 Filii
249 2137 357 2192 quoque
371 2122 528 2194 cognatique
541 2137 642 2185 omnes,
658 2122 736 2175 etiam
747 2121 861 2188 innoxii,

50 2195 188 2267 supplicio
202 2195 355 2250 traduntur:
377 2213 410 2250 ue
429 2197 573 2267 quisquam
593 2204 638 2249 aut
654 2195 687 2249 ad
703 2195 863 2252 imitandum

50 2271 142 2326 scelus
154 2270 242 2325 autad
255 2277 366 2325 mortem
376 2271 555 2326 ulciscendam
567 2289 601 2326 ex
610 2278 665 2324 tam
675 2269 774 2324 nefaria
784 2271 863 2328 domo

49 2353 213 2418 superesset.

108 2420 181 2477 Car.
204 2420 237 2476 V.
267 2421 365 2474 Interea
390 2421 533 2494 Dionysius
564 2420 703 2494 Syracusis
730 2432 859 2494 receptus,

47 2514 140 2570 quum
155 2495 264 2570 gravior
277 2494 460 2568 crudeliorque
468 2495 497 2549 in
508 2495 564 2550 dies
573 2496 672 2550 civitati
683 2505 758 2562 esset,
772 2498 861 2550 iterata

46 2572 257 2644 conspiratione,
269 2571 413 2626 obsidetur.
437 2572 517 2624 Tunc
525 2571 642 2642 deposito
652 2571 763 2642 imperio
775 2585 860 2623 arcem

45 2647 229 2722 Syracusanis
243 2664 305 2700 cum
318 2647 433 2701 exercitu
448 2645 568 2702 tradidit:
590 2641 744 2717 receptoque
757 2643 861 2712 privato

43 2723 241 2788 instrumento,
258 2721 415 2778 Corinthum
430 2723 458 2776 in
472 2721 595 2777 exsilium
606 2717 789 2790 proficiscitur.
820 2715 860 2768 lbi

647 2810 693 2864 La
