2022 3010
352 194 422 238 LIB.
441 195 461 239 I.
493 195 571 241 cAP.
593 195 633 240 1⁰.
861 188 892 238 l3

89 293 120 346 rii
130 291 311 356 descivissent,
323 299 348 346 et
355 293 528 366 babyloniam
538 300 716 364 occupassent,
724 291 894 364 difficilisque

89 367 162 420 urbis
177 367 339 438 expugnatio
353 375 432 434 esset,
455 376 587 422 aestuante
600 384 669 441 rege,
686 385 757 422 unus
771 366 894 420 deinter-

88 439 227 495 lectoribus
241 443 389 514 Magorum,
402 445 529 516 Zopyrus,
541 442 613 496 domi
625 459 654 496 sa
663 441 816 497 verberibus
827 441 892 495 lace-

89 517 201 570 raritate
211 533 318 586 corpore
327 517 412 571 iubet:
428 535 533 581 nasum,
545 535 631 581 aures,
642 524 667 570 et
677 517 746 570 labia
756 516 807 570 sibi
818 533 894 586 prae»

88 590 159 654 cidit,
177 598 257 662 atque
271 590 306 644 ita
320 591 376 664 regi
391 591 538 662 inopinanti
552 609 580 646 se
593 591 676 645 offert.
706 591 851 646 Attonitum
868 598 893 644 et

88 673 258 736 quaerentem
267 666 375 719 Darium
386 683 487 730 causas,
499 673 684 736 auctoremque
692 673 746 718 tam
757 664 844 718 loedae
854 663 893 719 la-

88 740 236 803 cerationis,
248 741 351 804 tacitus,
363 757 417 812 quo
427 740 559 811 proposito
567 739 663 802 lecerit,
674 739 775 806 edocet,
796 738 893 792 forma-

90 821 168 885 toque
182 815 209 868 in
225 815 313 868 futura
329 814 449 877 oonsilio,
467 813 618 886 transfugae
632 812 707 868 titulo
720 811 892 884 Babyloniam

89 888 273 960 proficiscitur.
294 890 335 942 lbi
347 889 459 944 ostendit
468 889 566 960 populo
573 889 699 942 laniatum
706 905 815 958 corpus:
828 904 894 958 que-

89 964 156 1017 ritur
165 963 344 1016 crudelitatem
355 963 456 1035 regina
467 980 521 1035 quo
530 964 558 1017 in
569 963 643 1036 regni
652 961 776 1033 petitione
781 979 833 1016 non
840 963 894 1016 vir-

89 1045 157 1101 tute,
175 1037 223 1091 sed
237 1039 362 1108 auspicio,
380 1055 432 1091 non
447 1038 545 1091 iudicio
557 1038 707 1103 hominum,
723 1037 771 1090 sed
786 1037 892 1091 hinnitu

89 1113 153 1183 equi
167 1121 306 1182 superatus
321 1113 367 1166 sit:
389 1113 462 1166 iubet
471 1111 530 1166 illos
542 1129 575 1166 ex
586 1113 676 1167 amicis
687 1111 839 1182 exemplum
850 1129 894 1166 ca-

89 1203 159 1258 pere,
176 1187 244 1257 qnid
255 1187 374 1240 bostibus
385 1186 532 1240 cavendum
542 1187 589 1240 sit:
610 1186 737 1251 hortatur,
749 1203 783 1240 ne
793 1187 894 1240 moeni·

89 1262 142 1316 bus
152 1262 239 1333 magis
249 1279 329 1332 quam
341 1261 422 1316 armis
434 1261 575 1326 confidant,
590 1262 774 1332 patianturque
784 1277 812 1314 se
821 1277 894 1314 corn-

90 1353 173 1390 mune
187 1335 287 1390 bellum
302 1337 441 1390 recentiore
453 1337 492 1389 ira
506 1352 603 1408 gerere.
634 1337 698 1390 Nota
709 1334 832 1390 nobilitas
841 1334 893 1389 viri

88 1411 187 1482 pariter
201 1418 226 1464 et
240 1410 324 1464 virtus
338 1411 463 1466 omnibus
481 1417 547 1478 erat;
574 1427 622 1464 neo
638 1409 670 1464 de
687 1409 738 1463 fide
754 1409 891 1472 timebant,

89 1485 168 1540 cuius
182 1484 263 1539 veluti
278 1486 387 1557 pignora
401 1484 511 1540 vulnera
526 1484 641 1556 corporis
654 1492 679 1537 et
693 1483 805 1537 iniuriae
820 1491 893 1537 notas

89 1560 233 1614 habebant.
255 1559 429 1614 Constituitur
438 1577 500 1632 ergo
509 1559 565 1612 dux
575 1559 695 1612 omnium
709 1556 848 1628 suffragio:
869 1564 895 1610 et

90 1642 194 1705 accepta
204 1651 285 1705 parva
296 1652 386 1699 manu,
402 1634 481 1688 semol
494 1641 573 1704 atque
582 1634 686 1696 iterum,
699 1630 851 1684 cedentibus
861 1648 894 1685 ex

90 1709 210 1764 consulto
228 1709 323 1772 Persis,
339 1709 453 1763 secunda
470 1707 567 1779 proelia
583 1707 652 1766 facit.
677 1706 719 1760 Ad
732 1713 894 1777 postremum

90 1784 249 1838 universum
264 1783 315 1837 sibi
334 1783 461 1838 creditum
479 1783 623 1836 exercitum
636 1781 712 1836 Dario
727 1781 826 1853 prodit,
848 1799 895 1835 ur-

91 1859 207 1930 bemque
227 1857 313 1927 ipsam
332 1857 360 1912 in
380 1865 531 1928 potestatem
551 1857 608 1912 eius
623 1857 727 1930 redigit.
757 1857 817 1911 Post
830 1855 895 1910 haee

89 1935 186 1988 Darius
200 1931 302 1986 bellum
312 1933 422 2006 'Scythis
436 1932 522 1997 infert,
538 1932 610 2004 quod
624 1932 744 2004 sequenti
759 1931 895 1986 volumina

90 2007 227 2062 rmmm

383 2163 607 2192 ψ

206 2417 403 2475 LIBER
449 2414 783 2476 SECUNDUS.

89 2637 171 2676 Ano.
194 2639 244 2687 cap.
255 2639 272 2676 1.
281 2643 300 2676 2.
308 2643 327 2677 3.
341 2637 462 2687 Scribarum
475 2651 506 2674 res
521 2644 594 2686 gestae.
610 2641 630 2675 4.
643 2637 761 2674 Amazones.
779 2637 798 2671 ⁵.
811 2631 897 2681 Scyllia·

138 2713 185 2740 rum
200 2707 270 2740 contra
283 2715 352 2741 nervos
364 2701 442 2741 bellrun
465 2701 525 2740 Darii
540 2707 609 2740 contra
622 2699 705 2748 Scythas
716 2705 735 2735 ot
744 2699 804 2733 Ionas
813 2690 897 2740 expedi·
