1998 3006
329 223 400 268 LIB.
420 221 513 269 XVIII.
535 223 614 268 CAP.
636 222 662 269 5.
722 264 724 268 ,
851 213 899 266 449
971 235 972 238 ’

93 321 213 394 virgines
228 329 289 376 anta
303 319 409 393 nuptias
419 323 522 376 statutis
533 322 626 377 diebus
637 319 749 375 dotalem
759 319 899 391 pecuniam

94 396 261 466 quaesituras
276 397 303 451 in
318 405 458 468 quaestum
470 397 503 451 ad
514 397 576 452 litus
586 397 667 450 maris
681 396 790 459 mittere,
802 412 850 465 pro
859 412 900 448 re-

94 470 167 542 liqua
177 471 304 542 pudicitia
314 471 455 526 libamenta
467 473 558 528 Veneri
570 471 711 526 soluturos.
736 472 836 524 Harum
847 469 900 542 igi·
973 470 979 501 ἲ

93 552 136 598 tur
151 562 184 598 ex
200 563 311 600 numero
323 547 453 618 octoginta
470 547 613 600 admodum
628 547 745 618 virgines
756 552 842 615 raptas
853 561 901 597 na-
944 557 947 572 ·
974 545 984 567 ·’

96 620 175 674 vibus
188 619 290 689 imponi
303 619 389 674 Elissa
407 621 488 685 iubet,
507 629 577 674 utet
592 621 716 675 iuventus
733 619 899 673 matrimonia
976 635 985 676 ‚¹

94 695 187 750 eturbs
193 694 312 748 subolem
319 695 414 749 habere
423 705 519 766 posset.
540 697 608 750 Dum
619 695 684 748 haec
693 702 817 767 aguntur,
830 695 901 766 Pyg-
916 691 919 702 '

94 767 192 823 maiion
209 769 313 842 cognita
327 771 423 823 sororis
437 769 510 842 fuga,
527 787 612 841 quum
624 770 707 840 impio
717 766 786 822 bello
795 765 901 840 fugicn-
986 793 987 802 κ

94 850 147 896 tem
159 844 282 914 persequi
295 851 406 915 pararet,
422 862 498 918 aegre
515 844 638 916 precibus
651 843 742 897 matris
755 849 780 896 et
790 841 900 896 deorum
982 834 988 891 i

93 918 176 972 minis
192 919 276 972 victus
290 918 405 990 quievit:
416 919 460 973 cui
470 936 556 990 quum
569 919 688 990 inspirati
699 925 770 972 vates
780 924 902 970 canerent
988 935 989 944 ¹

94 1010 147 1047 non
160 999 265 1060 impune
280 996 403 1056 laturum,
419 999 444 1054 ai
460 997 705 1048 incrementationis
720 1001 771 1046 toto
781 995 841 1046 orbe
850 1009 901 1045 aa·
988 1001 989 1004 ’

3 1103 4 1110 1
94 1071 285 1134 spicatiaaimoe
294 1070 491 1135 interpellasset,
504 1069 554 1124 hoc
563 1067 760 1139 modospatium
770 1066 901 1136 respiran-
990 1129 991 1136 ἵ

3 1203 4 1214 ¹
96 1142 124 1194 di
142 1140 307 1214 fugientibus
319 1141 421 1195 datum.
455 1144 546 1213 ltaque
558 1143 644 1198 Elissa
659 1142 742 1196 delata
757 1141 785 1195 in
800 1140 902 1195 Africae
991 1211 992 1218 ἵ

95 1216 186 1270 sinum
203 1215 302 1270 incolas
316 1215 365 1270 loci
379 1217 437 1270 eius
453 1217 568 1272 adventu
582 1217 781 1291 peregrinorum
795 1224 902 1270 mutua-

95 1308 210 1362 rumque
219 1308 307 1344 rerum
318 1291 473 1345 commercio
481 1292 625 1364 gaudentes
638 1293 666 1346 in
677 1292 817 1346 amicitiam
828 1289 902 1345 soili-

95 1365 168 1422 oitat:
190 1364 286 1419 deinde
299 1374 368 1420 emto
386 1365 451 1431 ioco,
466 1367 514 1439 qui
529 1368 599 1422 corio
612 1367 687 1422 bovis
703 1367 753 1440 tegi
764 1373 860 1437 posset,
872 1366 900 1419 in

96 1457 150 1512 quo
159 1439 243 1494 fessos
254 1439 331 1513 longa
343 1441 510 1514 navigatione
520 1443 613 1506 socios,
625 1441 713 1514 quoad
725 1441 901 1512 proficiscere-

96 1521 148 1578 tur,
166 1515 271 1569 reficere
286 1523 381 1586 posset,
393 1515 495 1570 corium
505 1517 534 1570 in
545 1517 713 1570 tenuissimas
723 1525 808 1586 partes
819 1514 901 1568 secari

96 1589 181 1657 iubet;
204 1597 283 1661 atque
293 1590 328 1644 ita
339 1591 425 1645 maius
437 1591 485 1645 loci
495 1591 622 1662 spatium,
634 1608 717 1662 quam
727 1589 844 1660 petierat,
856 1606 902 1642 oe-

96 1672 187 1735 cupat:
209 1665 280 1718 unde
295 1673 384 1737 postea
398 1666 423 1720 ei
433 1664 488 1720 loeo
498 1668 598 1734 Byrsae
608 1681 703 1719 nomen
715 1662 775 1718 fuit.
795 1661 903 1718 Conflu-

96 1739 202 1792 entibus
217 1739 313 1793 deindo
328 1741 423 1794 vicinis
434 1739 560 1805 locorum,
572 1740 620 1811 qui
630 1757 677 1811 spe
686 1738 752 1793 lucri
762 1737 844 1792 multa
855 1739 902 1791 ho-

96 1814 212 1884 spitibus
233 1813 334 1868 venalia
355 1814 508 1880 inferebant,
532 1815 660 1886 sedesque
673 1814 711 1868 ibi
726 1813 901 1868 statuentibus

96 1905 129 1942 ex
148 1887 296 1960 frequentia
317 1888 458 1943 hominum
475 1889 546 1945 velut
558 1890 641 1944 instar
654 1889 767 1943 civitatis
781 1887 901 1943 effectum

96 1970 144 2018 est.
178 1963 340 2018 Uticensium
354 1981 462 2035 quoquo
482 1964 560 2037 legati
574 1964 642 2018 dona
656 1972 686 2018 ut
699 1963 901 2037 consanguineis

96 2036 254 2103 attulerunt;
280 2037 428 2110 hortatique
446 2046 518 2103 sunt,
538 2043 628 2093 urbem
644 2043 681 2093 tbi
696 2045 842 2101 conderent,
857 2041 902 2092 ubi

96 2117 169 2167 aedes
178 2117 267 2168 sortiti
277 2122 369 2167 essent.
380 2111 432 2167 Sed
441 2121 466 2167 et
476 2113 551 2168 Afros
560 2113 693 2168 detinendi
705 2113 818 2167 advenas
829 2127 902 2165 amor

96 2187 174 2257 oepit.
204 2189 296 2258 itaque
305 2187 528 2242 consentientibus
538 2189 663 2242 omnibus
672 2187 801 2258 Carthago
811 2186 903 2240 condi-

95 2269 140 2315 tur
153 2269 252 2316 statuto
271 2278 360 2317 annuo
374 2262 495 2336 vectigali
509 2281 557 2334 pro
575 2262 631 2317 solo
644 2262 727 2316 urbis.
761 2263 792 2316 lu
808 2261 903 2332 primis

95 2333 278 2392 fundamentis
295 2345 374 2408 caput
388 2337 522 2392 bubulum
537 2339 676 2392 inventum
690 2343 743 2391 est:
768 2336 841 2408 quod
855 2354 904 2390 au-

95 2411 212 2481 spicium
223 2410 333 2484 quidem
345 2411 500 2477 fructuosae,
512 2412 558 2467 sed
569 2410 713 2466 laboriosae
723 2419 903 2483 perpetuoque

96 2502 188 2541 servae
209 2486 286 2541 urbis
304 2485 368 2541 fuit:
390 2486 580 2559 propterquod
594 2487 623 2542 in
639 2486 722 2540 alium
737 2486 822 2540 focum
838 2484 903 2538 urbs

97 2561 232 2616 translata.
261 2561 302 2615 Ibi
316 2578 423 2632 quoque
437 2561 500 2633 equi
510 2569 738 2632 caputrepertum,
748 2557 903 2614 bellicosum

93 2644 283 2708 potentemque
298 2635 427 2707 populum
438 2636 558 2691 futurum
568 2636 732 2710 significans,
743 2631 804 2687 urbi
814 2631 903 2713 auspi-

16 2711 18 2740 r
95 2717 183 2766 catam
202 2709 292 2765 sodem
311 2711 391 2766 dedit.
422 2712 497 2766 Tunc
515 2711 549 2765 ad
566 2710 718 2782 opinionem
731 2721 815 2761 novae
828 2704 903 2758 urbis
