2014 3000
107 188 139 239 68
342 193 492 238 IUSTINI
509 191 667 236 HISTOR.

106 290 289 362 contemplatio
298 291 484 346 vindicaverat.
503 291 641 346 Perdiccae
650 290 700 344 hoc
710 288 844 360 indignior
852 305 903 342 cae-

107 367 152 420 des
164 367 310 431 videbatur,
324 367 394 438 quod
406 367 430 420 ei
440 366 511 437 apud
521 374 630 420 matrem
642 363 848 418 misericordiam
862 381 904 417 nec

106 441 234 512 parvulus
248 441 358 512 quidem
374 441 446 495 filius
458 440 646 496 conciliaverat.
669 441 759 511 ltaque
771 437 904 508 Philippus

107 516 154 569 diu
169 534 221 570 non
238 533 336 588 regem,
352 516 398 570 sed
414 523 523 570 tutorem
539 514 634 586 pupilli
646 515 708 586 egit.
739 514 781 576 At,
793 513 840 567 ubi
849 531 906 585 gra-

101 591 179 650 uiora
193 589 262 644 bella
272 591 447 646 imminebant
456 607 598 662 serumque
607 589 906 658 auxilirrminexspecta-

107 667 176 720 tione
191 665 298 720 infantis
312 674 374 731 erat,
394 665 547 737 compulsus
562 683 576 719 a
591 663 689 736 populo
699 681 812 737 regnum
823 679 906 716 susce-

128 743 155 794 it.
801 768 803 773 ·

107 759 125 813 p
182 815 252 871 Cre.
274 815 318 871 Vl.
339 815 372 870 Ut
389 822 429 869 est
446 817 581 887 ingressus
596 813 748 884 imperium,
767 830 861 886 magna
877 813 908 866 de

107 889 153 944 illo
169 908 229 962 spes
243 890 368 944 omnibus
377 890 428 942 luit
437 898 461 942 et
469 896 573 960 propter
584 888 668 960 ipsius
678 888 826 961 ingenium,
839 887 909 959 quod
995 917 996 924 κ

107 983 236 1038 magnum
255 964 401 1034 spondebat
415 965 513 1030 virum,
529 971 554 1018 et
568 971 672 1034 propter
687 973 772 1017 vetera
792 963 910 1017 Macedo-

108 1040 167 1094 niae
186 1039 250 1104 iata,
273 1056 341 1109 quae
359 1038 513 1103 cecinerant,
533 1057 585 1092 arro
602 1057 636 1093 eae
649 1039 775 1106 Amyntae
788 1041 851 1108 filiis
869 1056 911 1092 re·
995 1035 996 1052 ³

106 1123 201 1183 pacate
211 1117 419 1180 florentissimum
428 1120 484 1184 fore
494 1116 663 1171 Macedoniae
671 1122 781 1167 statum:
802 1113 844 1166 cui
856 1113 911 1184 spei

107 1187 193 1242 scelus
211 1188 302 1240 metris
316 1189 388 1242 hunc
398 1189 536 1242 residuum
546 1188 648 1242 fecerat.
680 1186 811 1258 Principio
825 1188 908 1260 regni,

107 1280 194 1334 quum
211 1262 274 1315 hinc
287 1263 378 1317 caedes
393 1262 503 1318 fratrum
519 1264 628 1336 indigne
643 1270 833 1334 peremturum,
851 1262 912 1316 inde

107 1337 223 1391 hostiurn
241 1337 397 1406 multitudo;
419 1339 482 1392 hinc
496 1337 655 1392 insidiarum
670 1345 764 1401 metus,
782 1336 845 1391 inde
855 1337 913 1391 ino-

107 1412 150 1483 pia
161 1412 292 1466 continuis
302 1413 378 1467 bellis
404 1412 527 1467 exhausti
543 1413 618 1486 regni
628 1413 797 1466 immaturam
804 1419 914 1466 aetatem

107 1487 200 1542 tironis
219 1496 355 1560 urgerent:
377 1487 453 1552 bella,
471 1505 539 1559 quae
555 1487 626 1544 velut
639 1487 830 1558 conspiratione
845 1504 915 1558 qua·
995 1511 996 1522 ¹

107 1561 170 1616 dam
184 1562 217 1617 ad
230 1563 430 1634 opprimendam
445 1563 624 1618 Macedoniam
637 1562 783 1616 multarum
791 1563 915 1634 gentium

107 1655 141 1691 ex
162 1638 274 1692 diversis
296 1638 359 1693 locis
377 1656 431 1692 uno
450 1645 566 1710 ternpore
584 1636 758 1701 confluebant,
784 1637 916 1708 quoniam
995 1647 996 1674 r

108 1713 234 1765 omnibus
246 1730 294 1781 par
308 1730 365 1766 esse
380 1731 431 1766 non
446 1721 553 1783 poterat,
570 1712 746 1783 dispensanda
762 1720 843 1776 ratus,
862 1713 916 1767 alia

109 1786 260 1856 interposita
277 1787 396 1856 pactione
416 1789 557 1857 componit,
579 1787 630 1841 alia
649 1787 762 1850 redimit,
780 1786 917 1842 facillimis

107 1861 262 1932 quibusque
276 1860 416 1932 adgressis,
433 1879 548 1932 quorum
564 1863 670 1916 victoria
688 1870 712 1916 et
729 1861 847 1916 militum
863 1871 919 1918 tre·

108 1935 184 2007 pidos
195 1935 298 1989 animos
310 1936 424 1990 firmaret
433 1945 457 1990 et
467 1945 626 1991 contemtum
637 1938 688 1991 sibi
699 1938 815 1991 hostium
824 1937 919 1993 deme-

108 2019 155 2064 ret.
190 2009 311 2065 Primum
331 2011 370 2065 illi
390 2029 451 2065 cum
473 2011 678 2067 Atheniensibus
697 2021 827 2068 certarnen
848 2013 916 2068 fuit:

109 2086 209 2157 quibus
223 2103 270 2157 per
288 2086 399 2142 insidias
414 2087 500 2153 victis,
517 2097 589 2142 metu
600 2087 661 2141 belli
675 2089 814 2160 gravioris,
827 2105 921 2160 quum

108 2162 252 2216 interficere
269 2178 360 2218 omnes
377 2172 472 2234 posset,
485 2164 630 2218 incolumes
640 2163 697 2217 sine
707 2164 789 2234 pretio
799 2163 920 2219 dimisit.

108 2237 168 2292 Post
178 2237 226 2291 hos
236 2237 305 2292 bello
314 2237 342 2293 in
352 2238 455 2311 Illyrios
465 2238 597 2303 translato,
611 2237 693 2292 multa
703 2237 786 2292 millia
796 2238 921 2294 hostium

108 2310 204 2364 caedit:
238 2312 332 2366 urbem
357 2313 551 2368 nobilissimam
575 2314 707 2366 Larissam
731 2314 809 2384 capit.
847 2315 923 2370 ilinc

110 2383 273 2438 Thessaliam
289 2404 341 2440 non
357 2389 467 2457 praedae
481 2388 630 2460 cupiditate,
648 2387 776 2460 sedquod
785 2389 924 2444 exercitui
995 2401 996 2456 t

108 2475 157 2510 suo
176 2458 257 2510 robur
275 2461 461 2516 Thessalorum
480 2464 600 2534 equitum
618 2463 762 2535 adiungere
775 2463 922 2536 gestiebat,
995 2461 996 2524 i

109 2530 176 2581 nihil
188 2530 277 2584 minus
287 2551 367 2602 quam
379 2535 479 2591 bellum
492 2547 649 2592 metuentem
660 2539 926 2610 improvisusexpu-
995 2527 996 2590 i

108 2609 185 2668 gnat:
196 2621 349 2686 ,unumque
364 2625 459 2679 corpus
476 2613 596 2683 equitum
611 2613 827 2684 pedestriumque
841 2615 927 2686 copi·
995 2611 996 2686 l

108 2687 185 2725 arum
194 2685 285 2728 rnvrctr
295 2682 424 2736 exercitus
436 2683 504 2739 iecit.
526 2686 631 2753 Quibus
644 2688 723 2742 rebus
733 2687 842 2742 feliciter
852 2707 924 2762 pro-
