2014 3000
108 163 142 218 42
253 211 257 216 r
344 167 495 212 IUSTINl
513 167 669 215 fflsuolu

109 268 188 324 modo
199 266 322 330 terribile,
336 284 430 320 verum
440 267 519 334 etiam
527 265 617 337 procul
628 265 790 320 videntibus.
821 264 909 321 Unda·

109 361 171 397 rum
181 359 257 414 porro
267 341 295 394 in
305 358 333 394 se
343 341 553 396 concurrentium
565 348 635 396 tanta
645 358 735 414 pugna
744 348 792 405 est,
807 351 837 395 ut
846 339 908 396 alias

109 417 192 472 veluti
206 424 276 488 terga
290 415 381 469 dantes
391 415 418 469 in
428 416 512 469 imum
524 415 648 480 desidere,
660 415 723 469 alias
734 415 811 486 quasi
823 415 909 468 victri-

108 509 152 545 ces
167 492 195 564 in
206 489 321 544 sublime
333 489 397 544 ferri·
406 489 508 558 videas3
530 508 602 544 nunc
611 490 655 544 bic
664 489 798 544 fremitum
807 488 909 544 ferven-

109 567 143 620 tis
157 572 252 631 aestus,
270 582 343 619 nunc
359 564 413 618 illio
425 565 553 638 gemitum
567 565 595 619 in
605 564 757 636 voraginem
768 563 908 618 desidentis

106 640 245 696 exaudias.
277 639 411 694 Accedunt
428 640 509 694 vicini
528 648 554 693 et
565 639 683 711 perpetui
703 639 799 693 Aetnae
812 639 908 692 montis

110 716 195 789 ignes,
212 723 238 769 et
247 713 396 769 insularum
404 714 551 779 Aeolidum,
568 713 649 769 veluti
660 713 725 784 ipsis
734 713 815 768 undis
826 713 909 767 alatur

109 789 273 845 incendium.
295 791 385 860 Neque
395 789 465 842 enim
476 789 503 842 in
514 797 568 842 tam
578 789 696 861 angustis
707 787 826 842 terminis
837 787 909 842 aliter

106 866 206 920 durare
223 873 259 918 tot
273 863 369 918 seculis
385 870 474 917 tantus
489 863 559 936 ignis
572 863 706 934 potuisset,
723 862 774 916 nisi
789 862 908 918 humoris

109 939 279 995 nutrimentis
297 937 418 990 aleretur.
447 938 514 990 Hinc
532 938 613 1010 igitur
632 937 735 991 labulae
749 935 864 1010 Scyllam
884 945 909 991 et

107 1013 263 1086 Charybdin
274 1029 403 1082 peperere;
411 1011 474 1066 binc
484 1011 590 1066 latratus
601 1011 715 1079 auditus3
725 1011 788 1064 hinc
798 1011 909 1066 monstri

107 1088 205 1142 credita
219 1086 368 1151 simulacra,
385 1085 450 1140 dum
465 1087 630 1159 navigantes,
646 1085 750 1158 magnis
764 1087 908 1140 vorticibus

107 1161 195 1235 pelagi
214 1161 356 1215 desidentis
374 1161 498 1226 exterriti,
516 1160 608 1215 latrare
622 1168 715 1232 putant
728 1160 824 1226 undas,
841 1178 910 1232 quas

107 1236 238 1291 sorbentis
256 1243 342 1290 aestus
361 1253 457 1308 vorago
476 1234 593 1290 conlidit.
626 1235 725 1290 Eadem
738 1252 816 1289 causa
830 1235 910 1290 etiam

108 1311 205 1366 Aetnae
215 1311 311 1365 montis
322 1319 460 1381 perpetuos
470 1309 544 1383 ignes
556 1309 624 1365 facit.
646 1311 714 1364 Nam
724 1327 854 1381 aquarum
865 1310 910 1366 ille

105 1404 261 1451 concursus,
281 1393 386 1456 raptum
406 1403 495 1439 secum
513 1385 635 1456 spiritum
652 1385 679 1438 in
694 1385 780 1438 imum
793 1383 909 1440 luridum

107 1463 196 1528 trahit,
209 1469 286 1533 atque
296 1461 333 1514 ibi
344 1459 497 1516 suffocatum
509 1459 609 1514 tamdiu
618 1467 693 1523 tenet,
706 1459 788 1513 donec
797 1476 844 1529 per
854 1461 912 1530 spi-

108 1547 224 1592 ramenta
236 1544 316 1591 terrae
325 1535 448 1600 diffusus,
456 1535 615 1589 nutrimenta
626 1534 696 1608 ignis
707 1534 837 1588 incendat.
852 1536 909 1589 lam

107 1611 165 1682 ipsa
180 1612 267 1667 ltaliae
281 1609 436 1681 Siciliaeque
450 1610 585 1675 vicinitas,
601 1609 655 1664 iarn
669 1609 908 1679 promontoriorum

104 1686 217 1740 altitudo
227 1687 283 1756 ipsa
294 1685 329 1738 ita
338 1684 434 1740 similis
443 1693 490 1750 est,
503 1693 541 1749 ut,
553 1692 682 1756 quantum
692 1701 764 1737 nunc
773 1683 911 1738 admirati·
992 1723 993 1726 κ

104 1761 174 1823 onis,
187 1767 289 1814 tantum
300 1757 416 1829 antiquis
427 1759 531 1812 terroris
541 1758 652 1823 dederit,
674 1757 849 1821 credentibus,
865 1777 910 1813 oo-

104 1834 232 1888 euntibus
246 1833 273 1886 in
289 1849 317 1886 se
330 1833 523 1902 promontoriis
539 1851 569 1887 ac
581 1850 688 1887 rursum
700 1832 908 1897 discedentibus,

104 1908 189 1964 solida
197 1905 317 1977 intercipi
328 1907 486 1978 absumique
497 1908 612 1980 navigia.
636 1909 726 1979 Neque
736 1907 786 1961 hoc
795 1908 828 1961 ab
839 1909 910 1964 anti-

105 1983 168 2056 quis
187 1982 215 2037 in
235 1979 400 2036 dulcedinem
421 1980 524 2036 fabulae
538 1982 721 2053 compositum,
736 1981 782 2036 sed
797 1991 910 2037 metuet

104 2057 276 2114 admiratione
286 2056 487 2112 transeuntium.
517 2058 555 2112 Ea
567 2065 606 2111 est
616 2056 686 2110 enirn
696 2056 787 2128 procul
798 2057 912 2128 inspici-

103 2135 210 2188 entibus
222 2140 313 2188 natura
324 2130 381 2197 loci,
394 2139 423 2186 ut
436 2132 527 2186 sinum
540 2132 629 2196 maris,
642 2148 694 2185 non
705 2131 843 2186 transitum
856 2150 912 2203 pu-

105 2217 157 2275 tes;
177 2226 231 2280 quo
241 2225 326 2280 quum
337 2207 483 2266 accesseris.
493 2206 624 2260 discedere
633 2215 658 2260 et
668 2206 772 2280 seiungi
781 2224 913 2279 promon-

103 2283 178 2345 toria,
191 2300 259 2353 quae
270 2290 344 2336 antea
354 2282 441 2336 iuncta
455 2281 565 2346 fuerant,
576 2281 709 2336 arbitrere.

159 2355 227 2409 Car.
239 2358 271 2408 ll.
285 2355 388 2410 Siciliae
398 2357 482 2426 primo
492 2356 638 2410 Trinacriae
649 2372 744 2409 nomen
755 2354 819 2409 fuit:
834 2364 912 2427 post-

101 2443 133 2478 ea
151 2427 254 2482 Sicania
273 2430 455 2500 cognominata
477 2438 525 2485 est.
555 2432 624 2484 llaec
642 2448 656 2483 a
673 2429 803 2500 principio
819 2432 911 2500 patria
992 2461 993 2476 2

103 2497 249 2572 Cyclopum
264 2501 327 2556 fuit:
349 2504 449 2574 quibus
459 2505 603 2568 exstinctis,
621 2503 729 2559 Cocalus
740 2521 853 2576 regnum
867 2505 915 2560 in-
992 2499 993 2502 ¹

101 2571 176 2625 sulae
186 2574 335 2659 occupavit;
357 2585 415 2647 post
425 2595 505 2648 quern
516 2577 636 2650 singulae
646 2579 762 2633 civitates
775 2579 801 2632 iu
814 2588 916 2651 tyran·
992 2581 993 2630 t

101 2654 198 2696 norum
213 2663 355 2716 imperium
368 2659 560 2717 concesserunt,
576 2670 691 2724 quorum
705 2652 777 2707 nulla
788 2661 857 2708 terra
869 2653 916 2709 ie-
