2022 3010
206 257 207 260 ,
303 237 307 242 ·
342 221 411 266 LIB.
432 221 465 266 Π.
496 223 575 269 CAP.
597 225 623 269 4.
854 218 885 270 19

79 338 158 394 regna
173 321 328 386 tractabant,
339 319 450 392 Antiope
464 329 488 376 et
497 313 622 396 Orith'ya:
643 321 690 376 sed
699 321 810 394 Orithya
820 320 885 376 foris

80 395 179 451 bellum
190 397 307 468 gerebat.
330 397 414 467 Igitur
424 413 510 468 quum
520 397 644 470 Hercules
654 396 688 451 ad
698 395 761 450 litus
771 401 885 452 Amazo-

81 489 144 524 num
155 469 297 540 applicuit:
319 469 471 542 infrequens
484 471 626 526 multitudo
640 489 701 526 curn
717 471 828 542 Antiopa
842 489 884 526 re-

81 546 151 618 gina,
169 544 236 598 nihil
248 543 342 598 hostile
352 553 490 610 metuente,
505 552 569 600 erat.
593 545 651 613 Qua
661 563 688 600 re
698 545 817 600 effectum
833 554 881 610 est,

82 628 111 672 ut
122 636 230 690 paucae,
251 619 385 690 repentino
396 620 512 674 tumultu
529 621 637 686 excitae,
654 639 727 674 arma
737 629 880 686 sumerent,

81 693 238 765 facilemque
256 694 390 748 victoriam
409 695 529 750 hostibus
548 695 648 748 darent.
679 695 776 750 Multae
796 695 884 766 itaque

83 785 170 822 caesae
179 776 334 840 captaeque:
350 769 378 822 in
393 769 436 822 his
451 769 518 824 duae
532 768 659 840 Antiopae
673 785 773 822 sorores
785 767 884 842 [captae

82 841 165 916 sunt]
179 843 327 914 Menalippa
337 844 370 897 ab
379 843 501 909 Hercule,
513 843 653 916 Hippolyte
663 860 678 896 a
688 842 797 896 Theseo.
832 842 884 897 Sed

82 919 209 982 Theseus,
224 919 328 972 obtenta
343 917 371 972 in
386 919 533 990 praemium
546 918 657 989 captiva,
669 917 778 972 eandem
789 916 817 971 in
826 935 884 972 ma·

82 992 237 1046 trimonium
263 993 401 1060 assumsit,
427 1001 452 1046 et
476 1011 509 1048 ex
531 1011 560 1048 ea
584 993 676 1066 genuit
697 991 881 1066 Hippolytum.

81 1066 205 1120 Hercules
227 1074 286 1138 post
309 1067 443 1122 victoriam
462 1067 627 1139 Menalippen
649 1068 778 1138 captivam
800 1068 882 1122 sorori

81 1141 204 1206 reddidit,
226 1149 250 1195 et
266 1142 379 1212 pretium
399 1160 472 1196 arma
486 1143 591 1216 reginae
609 1142 715 1212 accepit.
745 1142 831 1213 Atque
846 1142 881 1196 ita

81 1215 188 1270 functus
199 1216 317 1286 imperio,
330 1217 363 1270 ad
374 1234 461 1290 regem
472 1217 620 1271 revertitur.
642 1217 693 1271 Sed
702 1216 821 1290 Orithya‚
834 1217 882 1270 ubi

81 1290 883 1364 comperitbellumsororibusillatum,etraptoremesseAthe-

81 1366 217 1419 niensium
235 1365 394 1436 principem,
414 1366 531 1420 hortatur
548 1367 669 1428 comites,
690 1364 839 1436 frustraque
857 1373 882 1419 et

80 1439 158 1494 Ponti
168 1439 258 1494 sinum
269 1448 293 1493 et
298 1441 388 1494 Asiam
398 1439 538 1494 edomitam
549 1457 605 1494 esse
614 1439 677 1492 dicit
684 1440 715 1503 ,si
722 1439 882 1494 Graecorum

80 1531 132 1569 uon
143 1522 198 1567 tani
209 1514 293 1579 bellis,
301 1532 382 1585 quam
392 1515 501 1585 rapinis,
513 1522 626 1585 pateant
639 1513 777 1566 Auxilium
788 1513 883 1567 deinde

79 1608 93 1643 a
104 1588 214 1662 Sagillo,
222 1606 281 1662 rege
291 1588 421 1662 Scythiae,
433 1589 509 1660 petit:
522 1606 601 1657 penus
611 1605 638 1640 se
647 1587 803 1654 Scytharum
814 1603 882 1655 esse,-

80 1667 181 1718 cracem
199 1669 328 1727 utrorum,
348 1669 525 1718 necessitatem
544 1678 685 1724 armorum,
710 1664 769 1714 betti
789 1677 883 1715 causas

79 1743 205 1792 ostendit:
230 1742 411 1807 essecutes'que
423 1743 527 1800 virtute,
543 1755 575 1790 ne
588 1740 718 1804 aequiores
731 1739 796 1789 viris
806 1739 881 1804 semi-

78 1831 128 1866 nas
149 1815 243 1866 tatere
261 1811 372 1880 Scythae
390 1817 546 1866 viderentur.
577 1811 662 1864 Motus
678 1809 721 1863 ille
740 1809 881 1864 domestica

77 1887 172 1960 gloria,
186 1887 265 1940 mittit
278 1904 338 1940 cum
349 1885 449 1959 ingenti
460 1885 577 1957 equitatu
588 1885 674 1938 tilium
685 1886 880 1958 Panasagorum

78 1961 259 2016 inauxilium.
290 1961 341 2015 Sed
360 1968 419 2014 ante
436 1960 565 2032 proelium
585 1959 747 2014 dissensione
767 1968 830 2024 orta,
847 1961 881 2014 ab

77 2035 188 2090 auxiliis
206 2035 420 2110 desertaespello
440 2036 474 2089 ab
495 2035 701 2089 Atheniensibus
721 2033 878 2088 vincuntur:

76 2109 273 2180 receptaculum
291 2118 375 2164 tamen
389 2109 505 2163 habuere
519 2117 601 2163 castra
611 2110 751 2172 sociorum,
764 2126 878 2178 quorum
907 2169 910 2174 ,

75 2185 179 2240 auxilio
189 2185 298 2238 intactae
312 2185 345 2238 ab
360 2183 418 2238 aliis
428 2185 560 2256 gentibus,
577 2184 605 2237 in
618 2200 730 2255 regnum
744 2189 881 2238 revertun-

75 2268 130 2314 tur.
163 2261 223 2314 Post
233 2258 371 2332 Orithyum
381 2258 543 2312 Penthesilea
555 2275 636 2330 regno
646 2258 724 2328 potita
740 2265 786 2322 est,
802 2257 880 2313 cuius

75 2335 192 2388 Troiano
212 2333 282 2391 bello
295 2333 362 2387 inter
382 2332 537 2386 fortissimos
550 2333 634 2395 vitoe,
649 2349 734 2403 quum
748 2333 879 2388 auxilium

74 2409 206 2464 adversus
217 2407 328 2462 Graecos
341 2407 427 2472 ferret,
440 2425 536 2480 magna
549 2407 654 2460 virtutis
667 2405 821 2463 documenta
833 2426 881 2462 ex-

74 2485 175 2537 stitere.
215 2481 349 2537 Interfecta
371 2483 479 2536 demum
507 2480 682 2547 Penthesilea,
711 2484 880 2552 exercituque

74 2559 134 2612 eius
159 2557 296 2621 absumto,
322 2573 429 2628 paucae,
453 2573 521 2627 quae
544 2555 572 2609 in
592 2573 673 2627 regno
690 2562 876 2616 remanserant,

73 2649 154 2706 aegre
163 2649 192 2686 se
205 2631 331 2686 adversus
341 2631 468 2685 finitimos
478 2628 653 2694 defendentes
667 2647 752 2700 usqne
764 2637 879 2696 tempora

71 2706 222 2763 Alexandri
238 2705 328 2780 Magni
347 2705 518 2761 duraverunt.
548 2704 648 2757 Harum
669 2701 810 2770 lllinithya,
824 2697 880 2748 sive

666 2791 714 2844 BP
