2044 3028
860 94 864 124 r

315 131 387 223 dle.
408 179 525 224 XXXIII.
559 177 639 224 cnm
659 179 682 224 2.
849 174 896 228 22l

8 271 9 322 Ϊ
101 283 139 341 us,
154 275 219 330 dum
233 275 300 330 inter
314 276 518 333 confertissimos
533 278 620 333 hostes
633 278 772 352 insigniter
781 277 898 345 dimicat,

8 387 9 392 κ
101 368 164 423 equo
177 349 302 422 delapsus
317 351 435 422 pedestre
447 352 577 424 proelium
588 352 746 427 adgreditur.
777 353 844 408 Nam
855 370 900 408 ca-

8 457 9 468 1
100 425 201 480 dentem
212 425 366 498 manipulus
374 426 493 497 hostium
502 444 563 484 cum
574 427 679 486 horrido
688 427 808 496 clamore,
817 427 900 483 veluti

100 501 223 554 iacentem
243 500 456 566 obtruncaturus,
476 501 692 557 circumsteterat:
716 511 742 556 at
760 502 804 556 ille
822 503 899 557 citius

100 592 203 646 corpore
212 573 318 631 collecto
326 577 545 650 magnas'stragas
555 575 646 631 edidit.
666 577 756 643 Quum
770 576 802 630 ad
813 594 900 633 unum

97 649 301 722 opprimendum
315 650 436 723 undique
449 651 536 706 hostes
546 651 720 717 convolarent,
733 651 798 705 dum
808 668 901 723 proce·

100 742 157 780 rum
168 725 312 796 quemdam
321 725 392 798 petit,
401 725 506 798 gladius
516 727 539 792 ei
548 744 563 780 e
571 743 652 781 manu
662 725 767 798 elapsus
778 726 805 780 in
816 726 901 780 medi-

97 803 141 854 am
148 800 282 855 cohortem
297 801 413 856 hostium
427 801 536 857 decidit:
558 801 591 855 ad
605 798 685 872 quem
700 799 900 872 reolperandum

8 933 9 950 q
98 875 215 940 umbone
223 893 252 930 se
262 882 399 948 protegens
414 876 574 948 inspectante
585 884 697 947 utroque
706 875 821 930 exercitu
832 876 902 930 inter

98 967 237 1006 mucrones
254 967 286 1020 se¹
300 950 416 1008 hostium
439 951 581 1015 immersit;
608 949 795 1022 recollectoque
811 949 904 1023 gladio·

99 1024 190 1080 multis
201 1023 357 1080 vulneribus
366 1025 482 1097 exceptis
490 1024 614 1080 adsocies
622 1042 684 1079 cum
695 1024 807 1092 clamore
818 1025 902 1079 hosti·

98 1117 143 1154 um
154 1100 304 1156 reuertitur.
330 1100 416 1154 lluius
426 1100 562 1157 audaciam
572 1100 647 1154 ceteri
660 1100 753 1154 imitati
764 1099 900 1156 victoriam

97 1191 227 1246 peperere.
259 1175 369 1229 Perseus
383 1174 501 1248 rexluga
510 1192 572 1228 oum
584 1174 673 1228 dacem
688 1173 808 1229 millibus
817 1173 900 1228 talen-

97 1248 515 1304 tum'Samothraciamdele'rtum
536 1266 616 1320 quem
631 1249 718 1304 Gneus
728 1249 853 1304 Octavius
866 1247 901 1304 ad

96 1323 311 1396 persequendum
330 1324 429 1390 missus
451 1342 467 1378 a
485 1323 601 1388 consule,
622 1341 683 1377 cum
704 1323 808 1379 duobus
826 1323 897 1389 filiis,

96 1397 248 1454 Alexandro
260 1404 287 1452 at
299 1397 430 1469 Philippo,
442 1399 522 1469 ceplt;
544 1406 704 1470 captumque
718 1397 752 1452 ad
764 1398 900 1454 consulem

95 1471 183 1528 duxit.
208 1471 359 1528 Macedonia
371 1491 386 1527 a
397 1472 506 1537 Carano,
519 1473 567 1544 qui
578 1473 683 1544 primus
693 1473 721 1526 in
729 1490 758 1526 ea
770 1473 897 1545 regnavit.

96 1547 602 1620 usquePerscntrigintaregcshahuit.
629 1547 748 1613 Quorum
758 1547 809 1600 sub
819 1563 903 1620 regno

95 1622 147 1677 luit
167 1621 277 1694 quidem
297 1622 375 1677 annis
394 1622 564 1696 noningentis
583 1629 607 1676 ct
622 1621 715 1694 viginti
730 1619 841 1689 tribus3¹
854 1619 901 1675 sed

95 1715 186 1752 rerum
202 1713 255 1753 non
270 1695 437 1752 nisiccntum
451 1697 594 1770 nonaginta
607 1695 712 1750 duobus
721 1696 798 1750 annis
808 1696 899 1766 potita.

95 1774 133 1828 lta
143 1789 231 1844 quum
242 1771 270 1826 iu
281 1771 407 1826 ditionem
418 1772 596 1826 Romanorum
606 1771 734 1836 cessisset,
741 1771 902 1844 magistrati-

94 1848 149 1902 bus
166 1845 347 1920 persingulas
367 1843 484 1901 civitates
499 1845 655 1910 constitutis,
673 1845 753 1900 libera
766 1843 831 1900 lacta
847 1853 898 1914 θεῖς

95 1921 232 1996 legesque,
249 1921 350 1994 quibus
365 1921 452 1976 adlauc
461 1921 553 1986 utitur,
566 1939 580 1976 a
591 1919 672 1975 Paulo
684 1920 791 1992 accepit.
825 1921 902 1975 Aeto-

95 1997 188 2052 lorum
196 1995 382 2052 universarum
396 1996 506 2051 urbium
518 2003 625 2050 senatus
634 2011 696 2050 oum
707 1994 864 2070 coniugibus
877 2003 904 2048 et

94 2071 198 2136 liberis,
211 2070 260 2142 qui
274 2070 357 2126 dubia
370 2069 423 2125 fide
432 2069 543 2136 lucrant,
559 2070 668 2124 Romam
679 2070 787 2135 missua,
799 2070 899 2140 ibique,

93 2164 128 2202 ne
150 2147 178 2200 in
199 2145 284 2216 patria
301 2143 404 2218 aliquid
423 2152 542 2210 novaret,
564 2144 612 2199 diu
629 2144 757 2209 detentus,
773 2147 906 2216 aegreque

92 2239 142 2293 per
153 2219 254 2276 multos
261 2237 345 2276 anuos
354 2219 528 2294 legationibus
539 2219 676 2274 civitatum
686 2227 778 2274 senatu
785 2217 900 2292 fatigato,

92 2297 121 2352 in
132 2295 249 2369 patriam
260 2295 377 2368 quisque
386 2311 463 2351 suam
472 2295 599 2350 remissus
609 2300 658 2348 eet.
678 2327 680 2333 ι

407 2477 601 2508 -ssffloe—
639 2500 641 2507 .
