2044 3028
113 181 163 234 aaa
347 185 497 232 11Jsuru1
515 185 671 230 irls'ron.
998 241 999 246 ἵ

113 287 260 342 accessione
273 284 450 357 Cappadociae
465 285 543 340 etiam
557 285 710 358 Bithyniam
723 283 868 339 finitimam
879 285 919 341 in·
998 253 999 288 l

115 361 226 424 vaderet,
236 361 362 414 subornat
371 377 485 430 puerum
494 360 607 414 eximiae
616 358 833 430 pulchritudinis,
841 361 917 432 quasi
998 397 999 426 ,

112 435 262 490 Ariarathes
277 442 338 498 trae,
355 451 408 488 non
422 433 489 488 dnos
505 433 573 490 filios
587 435 730 506 genuisset,
743 433 792 505 qni
802 452 816 488 a
826 444 917 489 senatu

106 511 232 572 ,Romano
252 517 392 582 paternum
411 526 524 582 reguum
544 516 651 580 peteret.
682 509 796 563 Uxorem
810 525 918 581 quoque

113 584 246 639 Laudicea
261 586 369 638 Romam
381 583 461 637 mittit
475 583 508 638 ad
523 583 703 639 testimonium
717 583 796 637 trium
814 601 849 638 ex
859 585 919 638 Ari-

114 659 203 714 arathe
212 667 392 729 susceptorum
403 657 528 712 filiorum.
559 657 636 723 Quod
646 658 692 712 ubi
703 657 867 712 Mithridates
877 676 919 712 aa·

113 735 215 809 guavit,
228 741 252 788 et
261 735 318 804 ipse
326 733 382 803 pari
393 732 555 803 impudentia
566 732 696 786 Gordium
706 733 818 786 Romam
827 734 918 797 mittit,

114 810 162 882 qni
172 809 273 864 senatui
285 807 421 870 adsereret,
431 825 550 875 pueram,
566 813 609 862 cai
621 807 801 876 Cappadociae
810 825 919 876 repetem

114 889 269 946 tradiderat,
282 901 315 936 ear
325 899 354 936 eo
363 883 504 936 Ariarathe
513 886 634 951 penitam,
650 885 696 952 qni
710 885 775 936 bello
787 881 919 936 Artatorrr'-

115 965 139 1014 cr'
149 959 383 1014 ancittahomaata
391 962 476 1026 farem
486 961 628 1012 cecidisset.
653 955 820 1010 Sedsenatus
830 955 918 1010 studio

115 1051 207 1106 regum
219 1029 355 1096 intellecto,
367 1031 451 1086 aliene
461 1048 541 1105 regna
555 1030 628 1086 falsis
638 1031 792 1085 nominibus
806 1029 920 1086 furanti·

114 1115 207 1173 um,et
217 1105 362 1162 Mithridati
371 1105 561 1176 Cappadociam
571 1113 596 1160 et
606 1104 741 1160 Nicomedi
751 1105 785 1160 ad
794 1104 920 1162 solatium
998 1143 999 1168 ³

114 1182 171 1236 ains
188 1179 395 1253 Paphlagoniam
414 1180 519 1234 ademit.
546 1180 584 1234 Ac
603 1197 637 1234 ne
650 1179 806 1234 contumelia
822 1199 920 1254 regum
998 1217 999 1220 =

114 1255 178 1310 soret
187 1253 321 1308 ademtam
334 1253 395 1318 illis,
408 1255 481 1326 quod
491 1255 595 1309 daretur
606 1254 674 1319 aliis,
682 1263 791 1327 uterque
800 1256 922 1326 populus

114 1331 232 1386 libertate
239 1329 351 1384 donatus
361 1337 410 1384 est.
439 1329 491 1384 Sed
501 1329 666 1400 Cappadoces
677 1347 777 1385 mimus
789 1329 923 1386 libertatis

114 1407 267 1469 abnuentes,
279 1409 470 1477 negante-inere
479 1413 578 1474 pentem
587 1409 643 1459 aiae
655 1423 714 1474 repe
721 1422 803 1473 porse.
831 1404 922 1478 Atque

115 1481 149 1536 ita
160 1498 205 1535 rex
220 1479 296 1534 illisa
308 1487 399 1534 senatu
409 1479 599 1534 Ariobarzanes
609 1479 784 1534 constituitur.

170 1555 238 1612 Cla.
260 1556 305 1609 lll.
325 1555 388 1608 Erat
402 1570 432 1608 en
445 1560 560 1625 tempore
569 1554 696 1628 Tigranes
711 1572 757 1608 rex
767 1555 920 1620 Armeniae,

113 1631 191 1686 obses
203 1630 306 1684 Parthis
321 1637 380 1684 ante
390 1628 505 1684 multum
519 1630 642 1700 temporis
651 1629 738 1694 datus,
752 1629 798 1682 sed
808 1629 876 1684 olim
887 1632 923 1684 ab
998 1637 999 1672 ἰ

114 1705 208 1759 iisdem
220 1705 247 1759 in
261 1721 372 1777 regnum
385 1711 522 1774 paternum
534 1704 670 1760 remissus
694 1705 771 1759 iluna
781 1704 924 1760 Mithrida-

95 1793 98 1800 ’
115 1788 153 1834 tes
167 1779 233 1834 mire
242 1778 274 1832 ad
285 1779 431 1833 societatem
441 1779 551 1834 Romani
563 1778 634 1844 belli,
650 1779 722 1852 quod
732 1778 795 1834 olim
808 1779 924 1835 medita-

113 1855 201 1918 batur,
212 1852 333 1924 pellicere
342 1854 469 1924 cnpiebat.
497 1853 569 1911 Nihil
581 1854 662 1926 igitur
672 1853 704 1908 de
713 1853 810 1908 offensa
821 1854 925 1910 Roma-

114 1945 210 1982 norum
225 1928 377 1982 sentientem
391 1945 438 1998 per
451 1927 579 1984 Gordium
591 1927 711 2000 impellit,
723 1937 752 1983 ut
762 1929 923 1984 Ariobarza-

115 2003 152 2068 ni,
169 2002 245 2076 segni
262 2001 416 2066 admodum,
432 2001 532 2057 bellum
548 2002 653 2071 inferat3
674 2011 708 2068 et,
725 2003 830 2074 nequis
839 2003 925 2058 dolus

114 2079 223 2133 subesse
234 2076 374 2142 videretur,
387 2076 468 2132 liliam
481 2095 557 2132 snam
571 2079 595 2132 ei
609 2077 771 2148 Cleopatram
785 2079 813 2131 in
827 2081 926 2134 matri-

115 2155 235 2209 monium
246 2152 333 2207 tradit.
356 2153 443 2207 Primo
453 2153 533 2225 igitur
544 2153 657 2207 adventu
663 2153 785 2226 Tigranis
795 2151 927 2209 Ariobar-

115 2245 195 2283 zanes
208 2228 320 2283 sublatis
335 2227 415 2282 rebus
429 2228 485 2282 suis
497 2229 606 2282 Romam
616 2227 756 2284 contendit.
786 2226 876 2299 Atque
887 2229 927 2284 ita

114 2319 162 2372 per
175 2302 316 2375 Tigranem
331 2319 424 2358 rursus
434 2301 597 2374 Cappadocia
611 2303 677 2358 iuris
692 2319 749 2357 esse
759 2302 929 2358 Mithridatis

114 2376 208 2445 coepit.
242 2376 341 2430 Eodem
356 2384 472 2448 tempore
486 2385 589 2433 mortuo
603 2377 743 2432 Nicomede
756 2377 833 2431 etiam
847 2378 930 2434 filins
998 2419 999 2426 κ

100 2448 181 2531 ,eires
203 2455 228 2501 et
246 2449 303 2518 ipse
321 2451 484 2516 Nicomedes,
504 2469 585 2525 regno
603 2470 618 2507 a
635 2451 783 2508 Mithridate
795 2451 927 2522 pellitur;

114 2537 163 2588 qur
174 2538 259 2591 quum
271 2522 384 2592 supplex
394 2526 504 2580 Romam
514 2527 638 2591 venisset,
647 2526 795 2581 decernitur
805 2526 832 2579 iu
842 2545 931 2583 sena-
998 2569 999 2590 ,

114 2599 153 2672 tu,
174 2600 204 2645 nt
222 2602 333 2663 uterque
352 2596 380 2649 iu
401 2615 513 2670 regnum
529 2601 711 2656 restituantur:
733 2601 761 2655 in
774 2604 849 2671 qnod
864 2611 929 2657 tum
998 2609 999 2669 l

113 2664 190 2714 missi
198 2663 324 2734 Aquilius
334 2675 359 2720 et
371 2670 486 2726 Manlius
496 2674 622 2729 Maltinus
633 2673 718 2749 legati.
749 2675 795 2728 llis
807 2678 932 2748 coguitis
