1984 3010
276 155 350 200 LIB.
370 155 441 202 Xl'V.
462 157 540 202 CAP.
562 157 588 201 5.
609 159 632 202 6.
807 151 856 205 12Ί

54 271 136 310 suum
147 253 234 308 venire
245 254 408 324 prohibitum
418 255 550 328 adsignari
557 257 854 328 custodibuspraecepit.

111 327 174 383 Car.
195 328 228 382 V.
250 331 346 382 Interea
363 329 503 403 Eurydice,
524 348 591 384 uxor
607 331 712 385 Aridaei
730 331 808 403 regis,
826 340 856 386 ut

53 403 257 476 Polyperchonte
272 420 287 456 a
303 403 410 459 Graecia
427 405 511 458 redire
526 405 553 458 in
570 406 747 460 Macedoniam
758 423 855 478 cogno·

53 480 92 534 vit
106 485 131 530 et
144 477 176 530 ab
193 495 223 530 eo
237 478 385 531 arcessitam
397 477 590 550 Olympiadem,
604 479 727 533 muliebri
739 481 855 535 aemula-

54 555 123 606 tione
133 551 260 622 perculsa,
273 553 383 606 abutens
395 553 543 606 valetudine
554 555 613 618 viri,
626 555 702 608 cuius
711 553 854 612 olliciasibi

54 627 211 690 vindicabat,
223 627 313 680 scribit
323 627 391 700 regis
402 629 508 682 nomine
514 627 726 700 Polyperchonti:
741 629 855 684 Caeson-

52 708 102 756 dro
114 707 255 756 exereitum
271 707 368 764 tradat,
382 708 411 756 in
425 721 500 772 quem
517 709 591 770 rapui
604 707 856 757 administrationem

51 795 103 832 ren
118 779 289 830 trumtulerit.
318 777 416 830 Eadem
431 786 456 830 et
465 777 492 830 in
502 777 593 831 Asiam
603 777 735 850 Antigono
745 795 791 848 per
799 779 855 848 epi-

51 851 132 906 stolas
147 851 256 904 uuntiat.
286 850 344 916 Quo
362 852 487 906 beneficio
505 851 642 906 devinctus
655 851 800 906 Cassander
814 853 855 906 ni-

51 927 90 980 hil
112 943 164 979 non
184 943 217 978 ex
236 926 343 980 arbitrio
358 926 496 980 muliebris
514 927 637 980 audaciae
649 927 726 1000 gerit.
757 927 855 986 Deinde

52 999 182 1074 profectus
197 999 224 1054 in
239 1000 374 1054 Graeciam
389 1001 479 1054 multis
497 1002 646 1056 civitatibus
657 1001 756 1056 bellum
768 1001 845 1056 inlert

52 1077 172 1142 Quarum
187 1075 297 1139 excidio,
314 1075 395 1130 veluti
412 1077 498 1130 vicino
513 1077 641 1141 incendio,
658 1077 739 1130 territi
750 1077 855 1147 Sparta-

49 1152 78 1226 ni
90 1151 192 1213 urbem,
208 1167 288 1222 quem
299 1168 401 1221 semper
411 1151 500 1227 armis,
515 1169 566 1206 non
581 1152 664 1205 muris
674 1151 851 1217 defenderant,

51 1233 110 1280 tum
123 1234 212 1280 contra
229 1243 351 1296 responsa
365 1225 479 1280 latorum
495 1234 520 1280 et
534 1235 645 1280 veterem
657 1227 786 1281 maiorum
797 1227 854 1299 glo-

50 1302 132 1364 riam,
164 1301 245 1354 armis
272 1299 366 1364 diffisi,
393 1318 529 1354 murorum
554 1301 683 1372 praesidio
703 1301 853 1356 includunt.

50 1375 596 1448 Tantumeosdegeneravisseamaioribus,
612 1387 650 1440 ut,
664 1394 749 1446 quum
761 1376 852 1430 multis

49 1449 162 1504 saeculis
174 1467 266 1503 murus
277 1451 336 1504 urbi
346 1451 445 1504 civium
457 1451 541 1504 virtus
551 1451 635 1514 luerit,
648 1459 711 1504 tunc
720 1451 791 1519 cives
802 1450 854 1504 sal-

50 1543 96 1579 vos
105 1543 134 1578 se
144 1523 198 1578 lore
212 1542 262 1579 non
274 1526 489 1588 existimaverint,
506 1525 558 1579 nisi
568 1527 729 1578 intramurus
737 1524 852 1592 laterent.

51 1601 119 1654 Dum
147 1600 211 1653 liaeo
230 1603 358 1672 aguntur,
381 1599 560 1654 Cassandrum
576 1617 590 1653 a
606 1599 712 1652 Graecia
732 1599 854 1652 turbatus

49 1674 217 1730 Macedoniae
235 1683 318 1728 status
329 1675 438 1729 domum
456 1674 593 1728 revocavit.
624 1675 745 1744 Namque
758 1671 853 1746 Olym-

50 1751 116 1818 pias,
136 1759 220 1804 mater
235 1748 376 1804 Alexandri
387 1749 465 1822 regis,
477 1767 562 1820 quum
576 1749 655 1819 Epiro
665 1749 691 1802 in
705 1748 854 1802 Macedoni-

50 1841 106 1888 am,
126 1833 300 1897 prosequente
320 1825 429 1878 Aeacide
451 1837 512 1896 rege
534 1823 720 1887 Molossorum,
742 1823 850 1890 veniret,

48 1901 237 1972 prohiberique
252 1895 399 1954 linibus'ab
417 1899 549 1972 Eurydice
563 1909 587 1952 et
602 1899 712 1953 Aridaeo
725 1916 785 1970 rege
795 1916 854 1952 coe-

49 1975 143 2042 pisset:
165 1993 212 2029 seu
230 1975 356 2029 memoria
370 1975 456 2028 mariti
471 1992 517 2028 seu
529 1973 710 2046 magnitudine
721 1973 766 2026 lilii
778 1982 802 2026 et
812 1974 853 2027 in-

49 2048 178 2120 dignitate
187 2051 224 2104 rei
237 2051 301 2104 moti
310 2049 462 2104 Macedones
473 2049 506 2103 ad
516 2048 701 2121 Olympiadem
712 2049 851 2101 transiere:

49 2123 125 2177 cuius
141 2125 218 2178 iussu
233 2133 258 2178 et
272 2124 403 2197 Eurydice
412 2131 437 2176 et
445 2142 492 2178 rex
501 2124 637 2188 occiditur,
651 2141 698 2176 sex
708 2123 785 2176 annis
794 2130 853 2192 post

48 2197 231 2254 Alexandrum
240 2200 337 2270 petitus
351 2215 439 2271 regno.
850 2241 853 2246 .

103 2273 172 2328 Cer.
194 2276 239 2329 Vl.
259 2273 310 2328 Sed
334 2291 382 2328 nec
399 2272 537 2346 Olympias
556 2272 603 2325 diu
625 2271 753 2344 regnavit.
784 2271 852 2324 Nam

48 2363 133 2415 quum
149 2349 302 2420 principum
320 2349 419 2420 passim
434 2347 525 2402 caedes
539 2346 662 2400 muliebri
675 2345 759 2418 magis
770 2363 852 2417 quam

47 2421 120 2492 regio
139 2441 211 2478 more
226 2423 337 2486 lecisset,
355 2422 469 2476 favorem
489 2423 531 2476 sui
543 2421 671 2474 inedium
685 2419 769 2492 vertit.
802 2421 852 2472 lta-

45 2511 102 2563 que
116 2499 206 2553 audito
218 2498 361 2554 Cassandri
371 2497 484 2550 adventu
497 2495 583 2548 diltisa
594 2495 780 2548 Macedonibus
790 2509 852 2544 cum

46 2585 119 2624 nuru
135 2575 243 2628 Roxane
258 2581 283 2627 et
297 2580 388 2643 nepote
398 2570 507 2624 Hercule
519 2571 544 2622 in
556 2568 676 2640 Pydnam
687 2569 779 2620 urbem
790 2581 854 2616 con-

18 2643 123 2728 ycedit.
154 2648 330 2704 Proficiscenti
350 2645 492 2707 Deidamia,
515 2642 641 2698 Aeacidae
660 2640 728 2710 regis
750 2636 811 2697 filia,
828 2641 854 2685 et

22 2762 32 2804 l

26 2827 43 2946 l
