1984 3010
126 182 175 234 l60
359 184 509 229 IUSTINI
525 181 683 228 HISTOR.

124 285 211 339 fuere:
233 301 347 354 quarum
358 283 442 337 taedio
454 299 538 353 quum
554 281 582 336 in
592 280 692 334 ltaliam
704 280 848 344 venissent,
860 280 926 333 sedi-

124 360 176 414 bus
188 359 286 412 Tuscos
300 355 472 427 expulerunt;
494 365 519 410 et
532 355 719 418 Mediolanum,
736 355 859 420 Comum,
874 355 927 408 Bri-

125 433 213 495 xiam,
234 432 378 495 Veronam,
398 432 570 504 Bergomum,
593 429 763 494 Tridentum,
785 429 927 482 Vioentiam

122 505 309 560 condiderunt.
340 505 417 559 Tusci
431 522 539 576 quoque
549 505 615 558 duce
625 504 723 558 Rhaeto
734 503 811 558 avitis
822 503 927 558 sedibus

124 575 232 633 amissis
253 579 333 650 Alpes
347 596 519 648 occupavere3
541 589 566 633 et
579 597 612 632 ex
626 578 734 631 nomine
747 578 822 631 ducis
840 588 927 650 gentes

126 655 285 708 Rhaetorum
306 653 488 707 condiderunt.
521 652 572 706 Sed
590 652 748 724 Dionysium
768 653 795 705 in
814 651 928 706 Siciliam

124 727 256 784 adventus
267 727 524 800 Carthaginiensium
535 727 678 781 revocavit:
698 727 746 798 qui
756 735 875 796 reparato
884 745 928 780 ex-

123 803 208 858 ercitu
220 803 330 867 bellum,
347 801 419 873 quod
434 801 476 856 lue
486 801 662 864 deseruerant,
678 801 760 854 auctis
776 801 880 855 viribus
891 818 929 854 re-

126 879 258 950 petebant.
288 879 347 931 Dux
357 876 419 930 belli
430 875 755 948 HannoCarthaginiensis
765 882 834 929 erat:
856 875 929 929 cuius
984 895 985 948 t

126 953 252 1007 inimicus
267 951 402 1015 Suniatus,
418 951 616 1021 potentissimus
631 967 660 1004 ea
672 957 824 1020 tempestate
834 951 930 1006 Poeno·
984 951 985 1024 J

126 1045 197 1090 rum,
205 1044 290 1098 quum
300 1026 360 1079 odio
369 1025 537 1079 eiusGraecis
550 1024 640 1078 litteris
652 1024 777 1098 Dionysio
787 1023 932 1078 adventum

126 1101 257 1154 exercitus
267 1107 292 1152 et
301 1101 440 1172 segnitiem
450 1099 525 1153 ducis
538 1097 701 1154 familiariter
710 1100 929 1170 praenuntiasset,
984 1121 985 1164 i

124 1173 324 1246 eomprehensis
338 1174 463 1244 epistolis
481 1174 636 1245 proditionis
648 1174 798 1239 damnatur,
811 1173 879 1228 lacto
892 1192 932 1228 se-

127 1246 332 1311 natusconsulto,
348 1267 380 1302 ue
395 1253 453 1318 quis
465 1259 556 1317 posteo
568 1249 790 1316 Curtltopiuieusio
802 1258 851 1302 aut
864 1252 933 1303 titte—
984 1263 985 1294 1

126 1328 167 1378 rie
179 1323 289 1377 Graecis
303 1331 349 1377 aut
361 1329 474 1378 sermoni
487 1329 616 1377 studeret:
635 1340 666 1387 ue
676 1331 723 1376 out
734 1326 806 1391 loqui
819 1341 878 1377 oum
888 1327 934 1377 lto-

124 1407 166 1452 ste
180 1407 226 1453 aut
238 1401 351 1452 seribere
366 1403 422 1451 sine
435 1403 574 1465 interprete
585 1405 681 1464 posset.
712 1397 767 1450 Neo
780 1397 867 1450 multo
877 1407 936 1468 post

127 1472 280 1546 Dionysius,
288 1489 367 1542 quem
379 1471 467 1542 paullo
477 1480 536 1525 ante
548 1489 600 1525 non
611 1470 708 1533 Sicilia,
721 1467 784 1544 [non
795 1470 882 1547 ltalia]
892 1490 936 1527 ca-

127 1547 225 1620 piebat,
237 1547 355 1602 adsiduis
365 1546 427 1600 belli
437 1546 624 1600 certaminibus
634 1545 720 1598 victus
731 1543 886 1620 fractusque
894 1547 937 1602 in-

126 1622 204 1676 sidiis
214 1623 248 1676 ad
258 1631 419 1696 postremum
429 1638 539 1674 suorum
551 1619 713 1674 interficitur.

429 1805 631 1832 ψ...-

349 2025 548 2080 LIBER
606 2023 711 2080 xxi.

127 2235 207 2272 ABG.
222 2237 270 2284 cup.
280 2237 340 2272 1-3.
356 2230 452 2282 Dionysii
465 2228 550 2268 iunioris
563 2229 665 2280 tyrannis,
679 2229 727 2268 etin
740 2232 855 2272 Locrenses
866 2233 944 2270 crude-

175 2298 230 2335 litos.
246 2303 266 2334 4.
278 2301 351 2335 Hunno
361 2293 488 2343 Certlrsgino.
502 2297 520 2330 5.
530 2294 625 2343 Dionysii
636 2293 679 2331 iun.
690 2293 737 2342 fuga
747 2301 767 2332 et
777 2294 877 2333 Corinthi
886 2309 943 2333 oom-

174 2358 266 2395 morstio.
285 2359 389 2396 Hamilcar
397 2364 465 2396 contre
477 2357 617 2396 Alexandrum
627 2371 652 2394 nr.
663 2359 785 2406 speculator.

185 2429 260 2490 Cre.
282 2439 304 2490 l.
325 2440 459 2492 Exstincto
479 2439 506 2492 in
526 2439 614 2492 Sicilia
630 2440 756 2512 Dionysio
770 2449 900 2514 tyranno,
915 2443 945 2496 in

128 2507 216 2562 locum
226 2509 283 2561 eius
294 2511 390 2576 milites
401 2513 548 2565 maximum
560 2522 622 2567 natu
634 2531 666 2568 ex
677 2513 740 2568 filiis
752 2515 819 2580 eiuS,
828 2517 946 2570 nomine

128 2579 295 2642 Dionvsium,
307 2583 438 2646 suffecere,
451 2593 476 2637 et
490 2595 598 2641 naturae
612 2588 654 2642 ius
665 2589 756 2652 secuti,
768 2598 793 2643 et
803 2591 883 2661 quod
896 2591 945 2644 fir-

127 2640 328 2706 mius'iuturum
338 2671 394 2707 esse
403 2673 526 2727 regnum,
534 2659 558 2712 si
567 2678 648 2732 penes
659 2681 743 2718 unum
754 2665 943 2728 remansisset.
